4242 5459
1468 568 2268 671 GALLIEst.
3275 608 3436 690 407

281 798 391 854 tus
430 789 853 868 Mercurius,
906 792 1081 855 utin
1122 794 1360 878 vulgus
1386 806 1647 872 notum,
1688 813 1802 855 un·
1888 784 2073 877 gusto
2114 792 2321 857 tribui
2366 793 2600 860 solita.
2639 788 2810 857 Sunt
2850 790 2918 856 in
2974 791 3202 875 museo
3241 791 3411 858 Cae-

285 887 371 948 de
416 898 738 955 tenemus
793 888 1100 968 causam,
1176 911 1294 952 cur
1339 888 1687 959 Gallienus
1737 890 1804 951 in
1887 889 2079 954 sarco
2104 892 2365 953 denarii
2401 892 2536 952 duo
2584 890 2954 952 Alexandri
2988 890 3218 952 Severi
3251 908 3408 954 cum

279 1001 527 1056 nume,
582 1002 780 1080 quem
818 983 996 1046 infra
1030 986 1148 1048 sub
1186 988 1281 1049 lit.
1326 988 1412 1055 O.
1461 984 1804 1063 dabimus,
1889 986 2259 1071 epigraphe
2295 986 2682 1050 FECVND.
2714 980 3245 1064 AVGVSTAE‚
3295 984 3410 1048 sed

280 1076 610 1139 Mercurii
671 1070 907 1141 habitu
969 1079 1041 1143 fit
1092 1081 1492 1167 propositus».
1568 1082 1802 1163 Neque
1888 1080 2170 1144 dubium
2205 1103 2340 1146 non
2384 1081 2507 1158 est,
2561 1082 2733 1143 hanc
2766 1079 3070 1142 aversam
3110 1101 3195 1142 ex
3249 1101 3407 1144 mo..

282 1170 422 1233 alia
454 1174 538 1235 de
585 1176 784 1237 causa
824 1173 949 1236 sese
994 1176 1323 1240 Horatius
1364 1178 1803 1244 Mercurialem
1885 1189 2053 1239 neta
2091 1179 2459 1241 Mamaeae
2501 1180 2729 1259 inique
2775 1177 2842 1237 in
2881 1188 3224 1238 monetam
3279 1177 3404 1240 filii

276 1270 485 1331 virum
519 1269 713 1333 dixit.
757 1268 821 1351 ⁸)
872 1270 1278 1356 Exemplum
1314 1275 1603 1358 ingenii,
1663 1286 1800 1356 quo
1881 1274 2310 1336 translatam.
2366 1274 2594 1355 Quare
2615 1269 2966 1333 verisimile
3003 1292 3271 1353 quoque
3293 1270 3405 1349 est,

280 1364 376 1426 ad
416 1363 587 1426 haec
632 1363 843 1428 studia
870 1368 1181 1451 pollebat
1222 1368 1570 1434 Gallienus
1597 1419 1617 1447 ‚
1664 1366 1798 1431 esto
1883 1367 2192 1429 aversam
2257 1368 2436 1432 hanc
2496 1364 2973 1431 restituendam
3034 1367 3407 1431 Saloninae

214 1514 225 1519 -
277 1475 594 1535 carmen,
649 1462 924 1547 dignum
973 1463 1129 1527 sane
1166 1460 1440 1528 Catullo
1502 1486 1587 1530 ac
1638 1465 1797 1528 Pro·
1878 1464 2105 1532 uxori.
2637 1484 2642 1489 ·

273 1557 498 1637 pertio
571 1567 961 1621 tenerorum
1024 1560 1332 1624 amorum
1414 1560 1794 1632 lusoribus;

54 1628 85 1641 ⁴
170 1666 179 1673 ·
268 1650 593 1711 nimirum
629 1671 781 1714 cum
822 1655 975 1716 suos
1010 1676 1095 1718 ex
1138 1655 1465 1718 fratribus
1506 1670 1792 1739 nepotes
1874 1643 1971 1720 E.
2169 1656 2362 1729 IMP
2406 1612 2937 1721 &ALLI'EN‘VS
2979 1653 3190 1721 AVG.
3245 1660 3406 1723 Pro·

270 1745 713 1808 matrimonio
733 1754 1189 1833 conjungeret,
1225 1751 1357 1812 hoc
1393 1770 1511 1822 eos
1532 1752 1792 1834 epitha-
2168 1761 2328 1817 tome
2358 1753 2646 1819 laureata
2693 1754 2755 1817 d.
2816 1752 3083 1840 hastam,
3118 1753 3175 1839 s.
3214 1757 3402 1835 clype-

270 1838 485 1902 lamio
523 1842 911 1925 prosecutus
955 1843 1216 1919 fertur,
1262 1846 1456 1928 quod
1511 1846 1794 1910 Trebel·
2165 1869 2310 1925 um,
2362 1849 2805 1935 cuiinstulptus
2837 1853 3184 1932 imperator
3208 1870 3405 1934 equa.

270 1933 401 1996 lius
475 1942 929 2018 contractius,
983 1928 1052 2023 δ)
1122 1943 1231 2004 sed
1285 1942 1548 2029 plenius
1602 1942 1843 2006 dedit
1874 1940 1928 2002 F
1935 1942 2164 2008 IDES
2225 1943 2759 2009 EXERCITVS.
2849 1947 3211 2027 Imperator
3223 1950 3406 2031 stans

269 2027 508 2095 Christ.
551 2035 1104 2101 Wernsdorfius·
1130 2036 1191 2121 e)
1866 2037 2213 2122 paludatus
2250 2048 2596 2105 coronatur
2636 2060 2677 2103 a
2722 2039 3012 2103 Victoria
3051 2052 3223 2105 retro
3226 2044 3401 2126 stan

1875 2143 1974 2210 ιε,
2012 2135 2199 2224 simul
2224 2156 2356 2199 cum
2377 2136 2606 2220 figura
2622 2133 2885 2198 militari
2917 2135 3281 2200 dexteram
3241 2156 3403 2220 jun

363 2226 504 2305 Ite,
554 2231 776 2313 agi-te,
830 2249 866 2292 ο
895 2228 1198 2314 juvenes,
1252 2234 1311 2294 et
1350 2228 1633 2316 desudate
1669 2249 1797 2292 me·
1871 2233 2021 2313 git,
2068 2251 2229 2312 pone
2268 2231 2388 2293 duo
2422 2230 2612 2313 signa
2657 2229 3008 2306 militaria,
3068 2252 3191 2314 pro
3228 2231 3401 2312 pedi·-

1425 2326 1604 2390 a'ullis
1696 2362 1699 2371 ·
1874 2324 1994 2390 bus
2020 2325 2142 2388 duo
2161 2325 2349 2407 fluvii
2366 2323 2534 2389 huam
2534 2328 2833 2410 jacentes
2912 2328 3192 2409 Argenti
3232 2325 3402 2406 mix-

360 2418 669 2486 Omnibus
695 2420 863 2485 inter
880 2440 1033 2494 0053
1083 2440 1207 2485 non
1243 2442 1572 2486 murmura
1600 2422 1797 2507 vestra
1873 2422 1923 2485 ti
1968 2440 2150 2486 max,
2191 2423 2373 2485 mod.
2424 2420 2625 2496 (Mus.
2672 2439 2847 2486 com.
2912 2421 2997 2485 de
3045 2420 3331 2503 Vitzai.)

1243 2516 1596 2600 columbae,
2173 2516 2243 2582 V
2240 2527 2266 2580 t
2293 2517 2385 2580 lit.
2426 2518 2519 2583 A.

314 2610 643 2678 Brachia
676 2633 804 2677 non
840 2609 1142 2693 hederae,
1192 2633 1318 2677 non
1343 2617 1598 2679 vincant
1631 2615 1789 2699 oscu—
1871 2612 2158 2678 FIDES.
2196 2612 2518 2678 EXERG.
2549 2613 2725 2679 vlu
2781 2613 3020 2678 Mulier
3039 2612 3221 2699 stans
3248 2611 3400 2678 bina

262 2706 273 2715 “
1212 2712 1276 2774 Ia
1314 2708 1589 2774 conchae.
1865 2706 2088 2775 vexiHa
2141 2718 2319 2774 tenet.
2388 2711 2537 2776 AR.
2582 2708 2719 2775 ΑΕ,
2772 2713 2884 2775 111.
2955 2708 3164 2794 (Mus
3205 2707 3395 2774 Caes.

363 2802 627 2883 Ludite,
677 2805 798 2892 sed
852 2809 1080 2891 vigiles
1143 2808 1332 2871 nolite
1411 2807 1791 2890 exstinguere
1865 2805 2118 2891 Band.)

1308 2893 1602 2984 lychnos-3
1964 2900 2283 2967 Vidimus
2327 2899 2524 2985 supra
2585 2900 2887 2984 legiones
2929 2895 3057 2966 VI.
3112 2911 3182 2964 et
3252 2903 3392 2964 Vll.

358 2999 589 3064 Omnia
636 3007 809 3064 nocte
848 2997 1090 3077 vident,
1153 2997 1248 3062 m'!
1283 3018 1427 3062 cras
1475 3000 1792 3062 meminere
1867 3000 2020 3085 pias
2089 3010 2156 3060 et
2204 2995 2458 3090 fideles,
2524 3008 2597 3059 at
2649 2997 2718 3057 in
2769 2996 3121 3081 praesente
3187 3007 3395 3058 numo

1288 3094 1589 3159 hennae.
1862 3107 2047 3159 totus
2114 3094 2450 3158 exercitus
2505 3092 2572 3155 se
2604 3090 2850 3179 fidetem
2924 3092 3135 3159 VIII.
3190 3089 3396 3175 profi·

1204 3208 1211 3215 ”
1861 3202 2061 3265 tetur.

255 3300 400 3373 quo
447 3284 912 3366 experimento
976 3282 1260 3350 ostendit
1327 3287 1529 3362 sane,
1597 3282 1783 3348 furu-

250 3398 412 3442 rum
450 3375 644 3440 fuin‘e
692 3381 964 3465 dignum
1026 3384 1358 3467 imperio,
1428 3382 1468 3443 si
1514 3394 1585 3443 ut
1638 3400 1782 3444 car·
1860 3371 1952 3447 F.
2152 3375 2701 3481 §ALLIENVS
2739 3378 2818 3445 P.
2857 3378 2937 3442 F.
2982 3374 3192 3444 AVG.
3272 3377 3386 3443 Ca-

253 3476 446 3541 mina
492 3475 580 3538 de
620 3475 815 3538 coelo
854 3478 1115 3560 poll'unt
1152 3480 1484 3543 deducere
1524 3477 1779 3554 lunam,
2143 3485 2263 3560 put
2296 3477 2644 3541 radiatum.
2683 3486 2688 3491 ‘

258 3571 503 3633 eadem
561 3582 628 3633 et
685 3571 1018 3635 barbaros
1083 3575 1167 3636 de
1224 3575 1492 3659 imperii
1534 3571 1778 3633 finibus
1861 3568 2129 3633 F1DE1.
2181 3570 2629 3652 EQviTvM.
2681 3569 2862 3633 inira
2886 3564 3188 3633 lauream.
3243 3568 3386 3631 AV.

252 3666 614 3748 potuissent
676 3668 1033 3732 deducere.
1151 3668 1437 3734 Causam
1491 3666 1777 3752 adpositi
1860 3664 2157 3752 (Band.)

248 3761 599 3826 Mercurio
651 3764 840 3827 canis
902 3764 1210 3829 dedimus
1248 3768 1435 3833 alibi.
1459 3756 1519 3850 ὅ)
2163 3759 2256 3825 Vt
2283 3759 2376 3823 lit.
2401 3757 2493 3825 A.

248 3906 255 3911 .
822 3911 855 3943 a
982 3861 1031 3893 '¹'
1182 3914 1212 3946 ¹,
1624 3933 1631 3940 ἱ
1855 3856 2037 3922 FID.
2117 3852 3006 3919 PRAETORIANORVM.
3132 3857 3386 3941 Figura

552 3956 643 4020 Vt
678 3956 770 4022 lit.
802 3957 895 4022 A.
1836 3957 2018 4043 stans
2043 3951 2105 4016 d.
2136 3962 2431 4037 pateram
2459 3997 2479 4029 ,
2511 3951 2573 4038 s.
2612 3953 3050 4036 cornucopiae,
3091 3972 3257 4037 pone
3307 3972 3381 4019 a-

241 4048 306 4110 F
308 4045 852 4119 ECVNDITAS
896 4053 1081 4118 AVG
1156 4054 1587 4141 Mulier-stans
1623 4050 1778 4119 dex·
1857 4049 2028 4137 quita
2069 4048 2448 4133 legionario.
2500 4047 2647 4111 AR.
2698 4045 2990 4131 (Band.)
3253 4050 3262 4063 '

234 4153 447 4207 teram
517 4149 795 4212 extendit
842 4150 1032 4237 super
1066 4153 1358 4237 figuram
1405 4150 1775 4234 affluentem,
2157 4143 2255 4209 Vt
2295 4145 2388 4216 lit.
2424 4143 2540 4208 Α

210 4239 283 4326 s.
309 4248 730 4328 cornucopiae.
758 4245 890 4306 ΑΕ.
916 4251 1026 4311 ΙΙΙ
1082 4248 1287 4329 (Mus.
1307 4246 1495 4311 Caes.
1516 4243 1771 4327 Band.)
1858 4237 2229 4306 iNDvLG.
2281 4236 2490 4306 AVG.
2541 4237 2781 4305 Mulier
2817 4236 3125 4323 gradiens
3177 4234 3238 4300 d.
3256 4235 3379 4320 flo-

336 4335 746 4402 Fecunditas
796 4342 862 4402 in
912 4345 1130 4404 numis
1165 4355 1425 4405 tantum
1472 4341 1768 4422 feminis,
1852 4359 2022 4416 rem,
2054 4337 2113 4424 s
2153 4337 2362 4421 vestem
2383 4335 2630 4401 attollit.
2682 4337 2826 4401 AR.
2850 4336 2986 4398 ΑΕ.
3015 4337 3127 4397 ΙΙΙ.
3164 4331 3373 4416 (Mus.

225 4451 457 4517 neque
502 4434 621 4506 ulli
659 4449 818 4499 ante
868 4458 951 4518 ac
1004 4438 1145 4524 post
1204 4436 1583 4501 Gallienum
1629 4440 1769 4500 Αιι·
1812 4490 1825 4505 ,
1856 4432 2047 4498 Caes.
2086 4432 2343 4507 Band.)
2400 4437 2470 4496 ln
2505 4428 2702 4496 aliis·
2684 4479 2701 4496 .
2754 4432 2902 4517 Ipsa
2922 4428 3139 4517 sedens
3165 4427 3226 4493 d.
3259 4448 3386 4513 pm.

298 4639 378 4707 a)
415 4640 598 4698 Catm-
619 4643 685 4699 L.
703 4643 780 4698 11.
800 4643 908 4700 ode
939 4662 1022 4714 ιγ.
1150 4645 1207 4712 b)
1244 4646 1282 4710 Ι,
1306 4663 1357 4709 ο,
1470 4650 1528 4716 e)
1566 4647 1720 4702 Poet.
1740 4626 2337 4716 min.Toin.1v.-part·
2357 4638 2490 4713 POR-
2507 4656 2565 4712 P·
2581 4650 2686 4711 499
2833 4636 2899 4705 d)
2937 4638 3373 4709 V⁰¹··1V==P·.⁶3·
