4242 5459
891 581 984 653 58

888 765 1137 841 exiret,
1194 766 1379 847 quod
1437 760 1806 826 institutum
1854 774 2009 825 ante
2065 761 2410 824 biennium

883 881 1162 948 quoque
1200 861 1439 924 tenuit.

1462 1005 1493 1035 fl
1824 1003 1853 1036 ἢ

1177 1052 1418 1119 Eadem
1464 1052 1742 1138 adversa.

880 1148 1436 1213 PROEFCTIO.
1493 1147 1703 1213 AVG.
1769 1146 1957 1212 COS.
2008 1145 2163 1210 1111.
2224 1144 2292 1207 S.
2329 1142 2406 1208 C.

884 1247 1249 1330 Imperator
1286 1264 1461 1332 eques
1496 1243 1560 1309 d.
1599 1242 1827 1329 hastam
1856 1243 2254 1328 praecedente
2292 1243 2406 1303 mi·

885 1341 1031 1419 lite,
1102 1340 1314 1406 tribus
1334 1337 1752 1428 sequentibus.
1834 1340 1976 1403 AE.
2025 1335 2169 1399 fere
2221 1355 2410 1399 max.

800 1473 811 1482 ·
877 1438 1072 1501 mod.
1128 1437 1338 1523 (Mus.
1374 1434 1600 1512 Caes.)

983 1533 1227 1618 Insigni
1258 1533 1392 1596 hoc
1432 1552 1639 1594 numo
1680 1532 1912 1594 notari
1960 1527 2204 1611 nequit
2254 1545 2406 1610 pro·

1524 559 1640 635 Μ.
1742 557 2443 653 AVRELIVS
2547 558 3384 641 ANTONINVS.

2490 759 2565 824 P.
2591 749 2836 838 X.'171
2875 762 3094 826 durat.
3150 761 3359 845 Igitur
3395 780 3479 823 ex
3523 761 3859 844 praeclari
3887 763 3994 825 hn-

2485 858 2592 937 jus
2642 857 3066 919 numismatis
3103 867 3474 941 praecepto
3529 859 3996 920 maturandum

2492 954 2630 1031 ejus
2687 956 2851 1032 iter,
2920 951 3006 1015 fic
3059 966 3129 1014 ut
3179 951 3494 1015 videatur
3539 966 3824 1016 exeunte
3871 954 3996 1017 hoc

2491 1065 2673 1111 anno
2723 1050 2851 1110 iter
2882 1049 2950 1110 in
2991 1047 3311 1111 hosticum
3355 1048 3744 1132 susceptum.

3234 1140 3265 1172 Ι»

2781 1239 3019 1338 Eadesn
3064 1240 3341 1324 adversa.
3414 1192 3444 1223 ἰ

2489 1336 3138 1402 RESTITVTORI.
3205 1335 3600 1402 ITALIAE.
3667 1337 3852 1402 IMP.
3920 1339 4002 1404 V.

2491 1432 2680 1498 COS.
2714 1433 2830 1494 111.
2859 1433 2923 1498 S.
2963 1432 3037 1496 C.
3092 1435 3450 1516 Imperator
3479 1431 4001 1521 paludatusstans
4066 1499 4074 1508 ,

2487 1529 2798 1592 mulierem
2834 1534 3135 1594 turritam
3169 1532 3236 1591 in
3271 1547 3482 1610 genua
3516 1529 3896 1613 prolapsam,
3944 1537 4001 1592 et

884 1627 1101 1693 fectio
1129 1676 1150 1707 ,
1204 1648 1409 1713 quam
1465 1629 1775 1691 Aurelius
1814 1648 1922 1689 *ex
1982 1622 2408 1689 Tillemontii
2471 1628 2528 1712 f
2551 1625 2808 1708 globum
2852 1635 3148 1690 tenentem
3170 1622 3475 1711 sublevat.
3529 1625 3670 1689 ΛΕ.
3711 1630 3758 1690 1.
3797 1624 3999 1712 (Mus.

875 1725 1209 1789 sententia
1243 1722 1613 1803 annihujus
1644 1724 1981 1808 principio
2008 1741 2161 1786 cum
2195 1718 2406 1782 fratre

874 1823 955 1885 in
1000 1819 1441 1884 Germaniam
1500 1817 1813 1891 instituit3
1867 1837 2027 1881 nam
2078 1814 2409 1898 quamdiu

878 1919 944 1981 is
973 1919 1041 1979 in
1059 1903 1237 1980 v'ivis
1272 1927 1441 1992 erat,
1493 1914 1705 1998 titulis
1742 1915 2127 1978 Armeniaci
2154 1923 2220 1973 et
2240 1911 2405 1971 Par·

887 2012 1057 2076 thici
1100 2009 1475 2075 constanter
1510 2010 1659 2073 usus
1710 2009 1844 2092 est,
1911 2011 2027 2092 qui
2069 2006 2301 2071 desunt
2337 2005 2403 2067 in

878 2107 1023 2172 hoc
1069 2127 1316 2183 numo,
1370 2127 1675 2191 quosque
1738 2127 1826 2168 eo
1872 2117 2194 2187 mortuo,
2257 2113 2403 2163 tan-

872 2224 1097 2288 ·quam
1137 2204 1251 2266 uni
1291 2206 1471 2267 Vero
1504 2207 1645 2283 jure
1686 2201 1954 2266 debitos
1978 2249 1996 2278 ‚
2049 2201 2227 2264 ultro
2287 2195 2406 2259 ab·

877 2303 1081 2383 jecit,
1133 2311 1208 2361 ut
1251 2300 1436 2362 numi
1472 2298 1673 2384 plene
1714 2299 1996 2375 docent,
2064 2309 2270 2378 atque
2304 2294 2407 2355 in-

882 2394 995 2458 fra
1058 2396 1129 2457 in
1184 2394 1293 2457 his
1347 2395 1559 2459 titulis
1618 2394 1892 2457 uberius
1957 2390 2408 2457 confirmabo,

885 2492 1141 2555 Mirum
1169 2492 1377 2554 etiam
1412 2492 1758 2554 videretur
1782 2538 1801 2567 ,
1857 2488 1897 2551 fi
1942 2490 2032 2552 ad
2058 2489 2407 2571 utriusque

2468 1723 2805 1800 Fal-nem)

2585 1818 2921 1882 Nimirum
2968 1815 3301 1902 Rlssitutor
3345 1816 3574 1881 Italiae
3609 1817 3850 1879 dicitur
3885 1836 4001 1901 per

2487 1913 2832 1997 depulsum
2854 1912 2941 1976 ab
2966 1914 3241 1996 regione
3262 1912 3448 1978 orbis
3470 1926 3797 1976 terrarum
3829 1914 3998 1994 prin-

2485 2012 2640 2094 cipe
2703 2009 3072 2092 perioulum
3096 2057 3116 2090 ,
3185 2012 3371 2089 quod
3431 2010 3490 2074 ei
3543 2029 3587 2072 a
3639 2007 3999 2072 rebellibus

2486 2103 2842 2168 Germanis
2879 2103 3344 2190 impendebat.

3231 2199 3262 2230 x

2629 2295 2868 2363 Eadem
2906 2294 3182 2381 adversa.

2487 2390 3547 2463 COS.111.vet.·FEL1C1TAS
3582 2389 3787 2459 AVG.
3810 2391 4002 2459 COS.

2485 2489 2609 2555 ΙΙΙ.
2656 2489 2786 2554 vel.-
2838 2487 3186 2551 SALVTI.
3237 2486 3444 2551 AVG.
3486 2487 3676 2552 COS.
3719 2488 3832 2552 111.
3877 2510 4003 2554 cum

883 2583 1156 2671 Augusti
1195 2585 1692 2671 profectionem
1726 2605 1981 2648 -numus
2016 2585 2408 2668 pertineret,
2467 2587 2609 2675 suis
2643 2587 2845 2669 typis,
2899 2584 2967 2646 in
3007 2584 3194 2646 omni
3231 2585 3508 2648 metallo
3531 2631 3548 2662 ,
3601 2596 3671 2647 et
3703 2582 3960 2653 forma.

887 2702 1093 2745 unum
1147 2692 1411 2744 tantum
1456 2678 1827 2765 Augustum
1869 2680 2163 2761 equitem
2211 2680 2282 2739 in
2324 2695 2407 2740 eo
2520 2741 2526 2746 ,

878 2777 1218 2840 exhiberi.
1271 2772 1678 2860 Intelligitur
1713 2792 1873 2860 ergo
1929 2774 2144 2836 altera
2193 2791 2410 2856 expe·

891 2872 1064 2934 ditio
1107 2868 1197 2931 ab
1237 2871 1514 2934 Aurelio
1560 2871 1699 2933 solo
1737 2867 1884 2956 post
1919 2867 2152 2931 fratris
2192 2866 2408 2932 exces-

873 2975 1042 3030 ωιτη·
1077 2963 1609 3028 in'Germaniam
1646 2965 1965 3048 suscepta.
2050 2963 2184 3027 Sed
2221 2975 2411 3049 patet

889 3063 1097 3126 etiam
1137 3081 1224 3123 ex
1247 3061 1377 3125 hoc
1402 3081 1645 3139 numo,
1705 3082 1859 3124 eam
1904 3059 2408 3146 profectionem

876 3178 935 3222 -a
981 3156 1430 3221 Tillemontio
1481 3158 1628 3243 plus
1690 3156 1857 3241 justo
1904 3155 2203 3233 differri,
2255 3174 2450 3221 cum.

891 3255 1029 3330 ait,
1085 3252 1358 3316 exivisse
1407 3253 1753 3318 Aurelium
1805 3266 1961 3345 ante
2025 3254 2205 3315 diem
2259 3251 2411 3318 vll.

890 3349 1349 3414 Martii'anni
1396 3349 1471 3415 P.
1532 3350 1614 3413 X.
1695 3370 1894 3431 ¹7¹0,
1967 3370 2119 3412 cum
2179 3360 2413 3411 tamen

874 3446 1271 3510 tribunatus
1309 3446 1560 3518 xxm,
1591 3445 1841 3509 Aurelii
1880 3445 2035 3509 huic
2079 3465 2287 3508 numo
2319 3445 2412 3506 in·

872 3541 1168 3627 =scriptus
1193 3590 1212 3620 ,
1267 3563 1401 3627 quo
1443 3542 1830 3606 labente-ex
1872 3544 2054 3605 numi
2090 3542 2286 3622 hujus
2318 3542 2412 3603 in-

891 3638 1072 3701 dicio
1126 3638 1298 3704 haec
1330 3636 1669 3723 profectio
1704 3638 2026 3722 contigit,
2079 3638 2311 3700 saltem
2345 3640 2411 3701 in

890 3752 1049 3794 mea
1084 3732 1430 3811 sententia,
1475 3753 1556 3795 ne
1594 3734 1867 3816 quidem
1908 3735 1978 3796 in
2033 3754 2284 3797 annum
2318 3735 2411 3797 se-

874 3839 1211 3908 quentem
1272 3845 1399 3906 ¹70
1438 3829 1863 3912 porrigatur,
1918 3841 1990 3891 ut
2042 3830 2113 3892 in
2157 3831 2415 3894 Aurelii

890 3921 1052 3985 trib.
1109 3919 1437 4005 potestate
1484 3922 1996 4005 disputabimuS.
2090 3931 2179 3988 At
2235 3927 2414 3988 enim

886 4035 1137 4078 numus
1176 4016 1488 4100 praesens
1540 4019 1808 4102 ignotus
1844 4016 1976 4081 fuit
2028 4020 2415 4085 Tillemon-

894 4109 1037 4189 tio,
1091 4124 1287 4174 notus
1326 4132 1490 4175 vero
1531 4113 1740 4176 solum
1784 4113 1922 4191 ille,
1977 4117 2092 4199 qui
2125 4118 2414 4180 eandem

882 4210 1039 4288 'ejus
1065 4206 1561 4291 profectionem
1590 4229 1742 4272 cum
1763 4210 2107 4274 tribunatu
2135 4212 2414 4277 XXIIII.

895 4315 1258 4380 memorat,
1312 4305 1425 4386 qui
1455 4325 1693 4367 revera
1732 4306 1798 4367 in
1817 4306 2238 4368 Tillemontii
2281 4308 2415 4370 sen·

882 4401 1108 4461 tentia
1142 4418 1356 4483 usque
1409 4401 1501 4462 ad
1544 4402 1724 4462 diem
1775 4400 1922 4466 v11.
1966 4403 2205 4465 Martii
2262 4407 2419 4466 anni

962 4639 1021 4706 a)
1060 4638 1358 4710 Capitolia.
1552 4636 1609 4704 b)
1647 4636 1874 4709 Eun-op.

1148 4721 1171 4754 N

2849 2774 2934 2842 V.
2979 2775 3046 2844 C.
3079 2796 3223 2858 723.
3266 2776 3341 2839 P.
3380 2776 3467 2840 Χ.
3502 2797 3644 2860 ¹7⁰·

2479 2870 2628 2936 ΤΚ.
2659 2871 2736 2936 P.
2761 2870 3030 2936 XXIV.
3063 2871 3243 2936 COS.
3278 2872 3404 2937 III.
3433 2872 3508 2937 P.
3548 2873 3644 2936 M.
3686 2873 3894 2941 IMP.
3924 2872 4003 2940 V.

2439 3032 2446 3038 ,
2487 2968 2586 3033 Μ.
2617 2967 2895 3032 Cornelio
2926 2964 3186 3052 Cethego
3207 3015 3227 3046 ,
3281 2967 3347 3033 C.
3388 2970 3621 3032 Erucio
3663 2968 3853 3035 Claro
3888 2990 4006 3036 cos.

2583 3157 2851 3222 Bellum
2926 3178 3078 3221 cum
3122 3160 3631 3223 Marcomannis
3686 3162 3884 3224 omni
3940 3160 4008 3224 vi

2476 3255 2662 3339 igerit
2728 3255 3052 3339 gravibus
3112 3276 3235 3340 per
3294 3255 3653 3320 intervalla
3704 3258 4008 3344 acceptis

2490 3351 2942 3414 incommodis
2966 3398 2985 3428 ,
3038 3351 3351 3415 omnibus
3386 3349 3872 3436 superstitionis
3896 3352 4009 3416 ad·

2490 3445 2827 3508 miniculis
2862 3446 3058 3532 saepe
3110 3445 3352 3510 frustra
3385 3443 3755 3524 arcessitis,
3803 3448 4011 3511 inuti-

2482 3542 2541 3605 ·1i
2569 3542 2773 3604 etiam
2799 3542 2945 3617 illo,
2999 3541 3789 3625 quodsualitAlexander
3830 3545 4013 3608 Abo·
4087 3547 4094 3553 '

2490 3637 2846 3700 nuticheos
2901 3637 3418 3721 Paphlagoniae
3485 3639 3876 3723 propheta,
3944 3649 4017 3700 ut

2492 3735 2749 3798 dictum
2780 3734 2977 3818 supra
3015 3734 3104 3795 ad
3136 3753 3383 3796 annum
3415 3737 3500 3798 V..
3538 3732 3612 3796 C.
3656 3753 3816 3814 920.
3875 3736 4011 3798 Ra-

2493 3850 2572 3893 ra
2650 3842 2928 3915 propter
2983 3826 3394 3911 pestilentiae
3464 3829 3600 3892 vim
3659 3834 4015 3912 juventute

2493 3926 2719 3989 servos
2758 3938 2824 3987 et
2855 3925 3086 3987 exules
3125 3926 3214 3987 ad
3253 3945 3448 3988 arma
3483 3937 3689 3989 vocat
3713 3972 3731 4001 ‚
3791 3940 3873 3991 et
3902 3947 4012 3990 ex-

2493 4019 2729 4083 hausto
2772 4021 3040 4084 aerario
3087 4021 3448 4105 pretiosam
3503 4022 3742 4106 palatii
3799 4023 4019 4109 supel-

2495 4115 2785 4177 lectilem
2840 4117 3093 4182 vendit.
3140 4122 3198 4194 ²)
3274 4116 3688 4180 Carnuntum
3742 4119 4016 4183 Panno·

2498 4211 2650 4273 niae
2684 4211 3042 4297 superioris
3085 4212 3244 4275 belli
3284 4212 3502 4275 sedem
3546 4213 3798 4297 deligit.
3825 4206 3908 4303 ¹⁶)

2790 4308 2887 4380 M.
2930 4308 3483 4374 ANTONINVS.
3511 4306 3717 4376 AVG.
3749 4311 3907 4379 TR.
3945 4309 4020 4373 P.

2787 4404 3069 4468 XXIIII.
3126 4404 3323 4490 Caput
3356 4406 3723 4472 laureatum.
