4242 5459
984 610 1122 702 ΜΒ

990 813 1297 882 Postumi⁷
1329 794 1602 873 moneta
1643 807 1896 885 obvia,
1948 792 2015 871 et
2074 806 2318 891 quibus
2390 827 2529 872 non

994 912 1199 1000 pauci
1226 923 1581 992 utrumque
1628 902 2007 971 Postumum
2046 898 2338 967 indicari
2379 906 2525 990 opi·

995 1012 1139 1076 nati
1177 1008 1358 1085 sunt,
1427 1003 1603 1067 adeo
1661 1002 1808 1064 sunt
1864 1013 1932 1064 et
1990 1000 2418 1063 lineamentis
2459 1012 2525 1064 et

999 1106 1246 1171 aetatis
1278 1100 1533 1165 indicio
1571 1098 1849 1175 similia,
1920 1110 1993 1160 ut
2034 1117 2240 1160 unum
2291 1097 2380 1161 ab
2431 1096 2523 1159 al·

994 1216 1149 1267 tero
1192 1200 1377 1262 nulla
1424 1195 1771 1280 diligentia
1807 1193 2228 1256 discreveris·
2284 1198 2384 1257 An
2413 1212 2525 1254 ve·

997 1296 1265 1361 risimile
1306 1291 1475 1355 istud
1527 1303 1755 1354 aetate
1814 1309 2026 1373 usque
2073 1288 2249 1352 adeo
2307 1279 2540 1372 dispa·‘

996 1395 1096 1468 ri,
1153 1405 1221 1455 et
1253 1390 1321 1452 in
1366 1390 1628 1464 numis,
1682 1385 1916 1471 quales
1977 1386 2123 1447 sunt
2160 1386 2528 1468 praecipue

1003 1488 1190 1553 aurei
1220 1481 1555 1560 Postumi,
1605 1481 1868 1545 affabre
1903 1478 2106 1544 factis
2131 1527 2151 1560 ‚
2204 1500 2357 1544 cum
2397 1481 2530 1543 Te·

1003 1588 1327 1650 tricorum
1374 1581 1591 1663 patris
1635 1576 1889 1658 filiique
1936 1578 2119 1639 numi
2149 1590 2293 1639 tarn
2337 1574 2531 1639 facili

1001 1681 1278 1767 negotio
1300 1677 1756 1738 discernantur
1783 1675 1812 1733 ἐ’
1866 1671 1999 1752 Qui
2040 1673 2213 1734 duos
2251 1672 2531 1734 credunt

930 1792 936 1803 ·
1000 1779 1070 1841 in
1117 1772 1337 1837 numis
1376 1768 1727 1832 Postumos
1774 1767 2233 1851 deprehendi,
2313 1765 2529 1830 verba

1003 1873 1147 1935 sunt
1196 1862 1575 1942 Harduini,
1618 1860 1681 1945 ⁸)
1735 1882 1817 1925 eo
1867 1863 2050 1944 quod
2090 1883 2267 1925 nunc
2306 1861 2530 1925 barba

1001 1966 1275 2054 prolixa
1300 2013 1320 2045 ,
1372 1981 1546 2025 nunc
1585 1959 1801 2043 crispa
1831 1959 2167 2034 cernitur,
2219 1958 2288 2021 hi
2324 1960 2528 2042 gemi-

999 2084 1163 2128 num
1223 2078 1493 2146 quoque
1550 2055 1873 2120 Albinum
1918 2054 2283 2132 inducant,
2336 2053 2544 2137 siqui:

1003 2163 1157 2225 dem
1195 2157 1325 2221 hac
1378 2175 1513 2218 una
1550 2152 1817 2216 ratione
1858 2150 2197 2225 nitantur3
2248 2171 2406 2214 nam
2461 2162 2528 2212 et

997 2258 1115 2322 ille
1159 2265 1337 2320 certe
1364 2269 1537 2315 nunc
1567 2246 1806 2333 crispa,
1858 2267 2031 2311 nunc
2060 2247 2336 2332 prolixa
2374 2245 2526 2308 bar-

998 2353 1137 2429 ba,
1186 2370 1268 2415 ac
1311 2360 1677 2439 propterea
1715 2343 1983 2429 prorsus
2038 2345 2134 2404 lui
2185 2342 2524 2407 dissimilis

996 2449 1339 2537 pingitur,
1396 2444 1502 2507 sed
1537 2442 1671 2504 hoc
1724 2439 2075 2502 discrimen
2132 2437 2359 2501 effecit
2426 2438 2526 2499 di·

994 2544 1276 2609 versitas
1319 2538 1775 2604 officinarum.
1830 2535 2033 2615 Quod
2079 2530 2149 2609 fi,
2202 2553 2350 2596 cum
2388 2535 2526 2596 duo

1004 2648 1366 2705 occurrunt
1410 2637 1683 2721 capita,
1763 2628 2049 2694 totidem
2107 2629 2343 2692 diversi
2410 2650 2527 2691 no·

999 2722 1305 2800 tat-entur
1352 2727 1618 2816 Augusti
1650 2774 1670 2803 ‚
1724 2728 1964 2789 addita
2002 2725 2402 2810 epigraphe,
2453 2738 2528 2788 ut

997 2834 1064 2895 in
1099 2831 1387 2894 aliorum
1423 2829 1912 2909 imperatorum
1962 2823 2183 2884 numis
2220 2821 2478 2884 facturn
2503 2867 2524 2897 ,

998 2928 1170 2987 duos
1195 2926 1399 2985 etiam
1422 2916 1745 3004 Augustos
1769 2917 2181 2980 enunciaret.
2206 2917 2338 2980 Sed
2363 2935 2526 2978 con-

1000 3034 1104 3083 tra
1134 3017 1409 3083 accidit.
1486 3016 1595 3080 Ad
1648 3031 1890 3081 numos
1931 3012 2104 3075 alios
2145 3013 2330 3095 quod
2371 3015 2528 3077 atti·
2627 3044 2638 3051 ·

1833 3303 2069 3372 VLP.
2174 3305 2492 3374 CORN.

1092 3500 1288 3568 Teste
1325 3498 1678 3564 Trebellio
1713 3485 1777 3580 ¹³)
1859 3497 2184 3563 LoHianus
2243 3498 2526 3581 quidam

991 3606 1400 3683 interempto
1456 3593 1775 3659 Postumo
1839 3596 2200 3681 imperium
2259 3597 2326 3657 in
2368 3594 2525 3658 Gal-

992 3698 1085 3762 lia
1132 3696 1408 3768 invasit,
1460 3695 1566 3756 vir
1618 3691 1961 3767 strenuus,
2015 3703 2081 3753 et
2124 3692 2526 3776 provinciae

996 3792 1345 3856 adversum
1397 3789 1730 3853 barbaros
1767 3798 2259 3871 propugnator.
2326 3788 2525 3853 Occi-

992 3889 1096 3949 sus
1140 3887 1385 3948 deinde
1447 3906 1487 3948 a
1553 3884 1912 3947 Victorino
1986 3884 2524 3969 conspirantibus

990 3981 1362 4057 militibus,
1420 3982 1601 4065 quod
1646 3983 1711 4043 in
1758 3981 2106 4065 exigendis
2172 3979 2526 4043 laboribus

995 4080 1241 4141 nimius
1270 4075 1447 4138 ess'et.
1506 4077 1803 4138 Lolliani
1839 4096 2108 4159 quoque
2142 4095 2389 4138 nomen
2436 4080 2528 4140 ei·

993 4176 1150 4238 dem
1204 4170 1463 4233 homini
1520 4171 1755 4233 tribuit
1794 4172 2032 4235 Victor
2082 4173 2149 4233 in
2225 4171 2530 4237 Caesari-

990 4272 1154 4345 bus,
1199 4273 1250 4344 ⁶)
1306 4276 1373 4326 et
1413 4265 1804 4348 Eutropius.
1859 4267 2358 4343 At'Paeanius,
2414 4272 2529 4350 qui

986 4364 1392 4449 Eutropium
1456 4357 1715 4423 Graece
1781 4360 2119 4440 reddidit,
2189 4364 2525 4441 eundem,
2610 4367 2718 4429 sed
2757 4370 2964 4432 etiam
3006 4369 3313 4438 Laelaeam‘.
3410 4375 3624 4436 Fuere
3679 4375 3894 4430 tamen,
3939 4352 4012 4423 ‘1¹¹¹

1931 592 2661 682 POSTVMVS
2766 590 3240 683 FIL'IVS.

2609 820 2761 886 net,
2813 808 3198 872 Bandurius
3231 808 3300 871 in
3342 817 3529 871 tanta
3558 798 3812 872 Postumi
3844 829 3997 872 numo·

2607 925 2756 967 rum
2790 904 3106 969 eluvione
3143 904 3342 967 binos
3381 915 3623 966 tantum
3656 909 3882 989 reperit,
3930 909 3995 990 qui

2608 999 2931 1087 Augustos
2969 1001 3193 1084 plures
3238 1001 3564 1084 produnt,
3633 1001 3840 1063 ambos
3873 1021 3998 1062 aene-

2607 1116 2685 1161 os
2715 1097 2764 1159 Ι.
2799 1096 3096 1166 formae)
3147 1098 3463 1159 nimirum
3505 1097 3795 1161 Adventus
3813 1094 3996 1160 AVGG.

2608 1205 2674 1255 et
2720 1193 2984 1258 Moneta
3028 1190 3343 1272 AVGG.,
3415 1193 3523 1275 qui
3574 1192 3679 1278 ipfi
3726 1204 3825 1255 aut
3857 1193 3998 1254 socia·

2607 1300 2749 1351 tum
2776 1290 3196 1352 Victorinum
3223 1335 3243 1365 ,
3296 1300 3415 1352 aut
3445 1308 3707 1351 uxorem
3743 1285 3995 1372 Augustam

2607 1385 2911 1448 indicare
2963 1384 3271 1470 poss‘unt,
3354 1396 3421 1447 et
3469 1385 3533 1446 in
3588 1404 3770 1447 numo
3817 1384 3995 1469 quidem

2608 1481 2912 1545 adventus
2948 1481 3147 1567 plane
3187 1494 3442 1544 certum
3493 1479 3575 1543 est
3615 1479 3995 1565 intelligendam

2609 1597 2930 1652 uxorem3
2984 1597 3137 1639 nam
3181 1576 3218 1639 li
3250 1577 3465 1639 filium
3502 1575 3994 1656 comprehenderet,

2610 1673 2784 1736 duos
2835 1693 3075 1735 numus
3144 1671 3471 1758 Augustos
3519 1673 3754 1756 equites
3810 1668 3996 1739 listeret,

2609 1788 2744 1831 non
2792 1789 3023 1835 unum.
3097 1767 3300 1848 Quod
3342 1769 3385 1835 fi
3441 1789 3663 1832 verum
3695 1765 3768 1829 est
3801 1764 3996 1828 testimo·

2608 1866 2791 1927 nium
2840 1864 3230 1940 Trebellii,
3287 1856 3502 1928 filiurn
3552 1866 3831 1929 continuo
3862 1881 3891 1924 a
3924 1878 3995 1944 pa·

2607 1973 2705 2023 tre
2742 1962 2830 2024 ad
2870 1961 3232 2044 imperium
3283 1974 3629 2038 vocatum,
3680 1961 3873 2021 mirum
3902 1973 3995 2040 pro·

2601 2055 2786 2121 fecto
2826 2057 3180 2132 videatur,
3247 2058 3504 2119 nullum
3555 2054 3784 2120 exstare
3817 2067 3995 2116 numum

2604 2165 2859 2216 certum
2930 2152 3090 2233 filii,
3174 2154 3288 2236 qui
3339 2155 3410 2216 in
3478 2154 3785 2217 decimum
3839 2163 3995 2212 annum

2604 2269 2740 2311 una
2769 2267 2919 2311 cum
2960 2260 3153 2333 patre
3190 2249 3602 2335 imperavit,
3653 2245 3997 2337 et‘nescioau

2604 2364 2740 2407 non
2776 2344 2887 2412 hic
2930 2344 3064 2428 ipse
3089 2346 3228 2425 ejus
3263 2365 3619 2408 numorum
3652 2342 3895 2406 defectus
3911 2354 3995 2399 cer·

2603 2443 2737 2504 tius
2795 2441 3041 2525 probet
3108 2442 3433 2506 adversus
3494 2438 3863 2505 Trebellium
3903 2448 3996 2497 con·

2604 2538 2887 2599 trarium
2926 2535 3429 2615 adfirmantem,
3483 2537 3720 2600 nullum
3756 2531 3897 2597 fuine
3921 2528 3996 2587 Po·

2609 2630 2817 2694 stumo
2860 2631 3108 2710 filium,
3166 2645 3286 2696 aut
3327 2634 3559 2698 saltem
3611 2651 3801 2715 neque
3846 2620 3998 2689 Caesa·

2607 2747 2748 2789 rem
2775 2774 2795 2804 ,
2847 2747 3066 2810 neque
3105 2727 3490 2814 Augustum.
3543 2736 3856 2795 Auctorem
3875 2717 3998 2783 toties

2610 2823 3007 2886 mendacem
3076 2828 3284 2888 etiam
3347 2826 3670 2891 hocloco
3723 2820 3877 2886 nobis
3926 2815 4000 2876 im·

2606 2920 2889 3004 posuiss'e
2934 2923 3189 2986 nemini
3222 2924 3471 2988 mirum
3505 2921 3836 2988 videbitur.

2591 3306 3306 3377 LAELIANVSs

2609 3499 2721 3563 nisi
2764 3522 2950 3565 error
2994 3502 3286 3588 irrepsit,
3354 3517 3567 3571 vocat
3612 3503 3682 3570 L.
3739 3494 3996 3564 Aluan-m,
4093 3498 4094 3509 ¹

2607 3598 2848 3661 Victor
2886 3601 2954 3663 in
2996 3600 3315 3685 Epitome
3357 3592 3424 3685 11)
3494 3598 3839 3685 simpliciter
3863 3580 3998 3653 Aetia·

2605 3714 2772 3760 num.
2824 3692 2907 3759 Et
2954 3709 3224 3774 tamen,
3278 3710 3350 3760 ut
3385 3720 3475 3763 ex
3512 3700 3740 3763 iisdem
3765 3672 3998 3767 scriptori·
4091 3736 4092 3743 ,

2609 3790 2735 3853 bus
2776 3793 3013 3856 diserte
3058 3794 3446 3879 colligitur,
3517 3793 3733 3858 omnia
3761 3786 3890 3849 haec
3929 3785 4001 3870 ¹¹⁰1

2611 3889 2797 3951 mina
2845 3910 3049 3951 unum
3112 3892 3572 3976 eundemque,
3658 3885 3760 3971 qui
3805 3868 4003 3942 Postumi

2591 3982 2781 4047 'caesi
2832 3986 3031 4049 causa
3080 3984 3371 4065 exstitit,
3444 3988 3755 4051 indicant.
3806 3969 3933 4039 vide
3953 3957 4004 4019 de

2611 4080 2745 4145 hoc
2771 4083 3048 4144 dissidio
3074 4080 3269 4166 plura
3299 4087 3485 4170 apud
3512 4048 4005 4155 Tillemonuum·‘l

2712 4176 3025 4254 Exstant,
3097 4191 3216 4240 aut
3271 4179 3498 4244 saltem
3546 4182 3845 4261 jactantur
3888 4164 4007 4266 {⁰⁰¹²

2613 4291 2750 4334 non
2806 4274 3019 4335 solum
3085 4274 3349 4341 Lolliani
3410 4290 3478 4340 et
3526 4272 3763 4341 Aeliani
3789 4265 4007 4343 nomffl‘f

966 4499 3997 4566 ...Μὴ-λ

1060 4604 1113 4664 a)
1156 4600 1283 4656 Hist.
1322 4600 1462 4669 Aug.
1500 4618 1558 4671 p.
1596 4602 1714 4671 856.

978 4673 1118 4739 111,
1156 4673 1215 4726 in
1251 4670 1475 4730 samen
1920 4596 1987 4669 b)
2026 4600 2086 4655 in
2133 4599 2392 4657 Louiano
2432 4616 2537 4679 tyr,

2744 4610 2794 4680 ο)
2836 4610 2980 4685 Cap.
3009 4630 3099 4683 33.
3293 4612 3353 4683 a)
3388 4612 3532 4685 cap„
3566 4609 3651 4708 ¹5⁶·

3833 4591 3879 4657 e)
3906 4576 4002 4636 ΒΨ
4087 4594 4088 4605 ³
