4242 5459
1464 539 1851 615 I'VLIA
1946 534 2453 615 MAESAQ
3368 555 3509 641 2⁶7

1009 742 1298 814 Numi.-
2104 737 2212 800 De
2260 737 2619 823 praeclara
2681 741 2832 827 rogi
2887 740 2957 804 in
3008 739 3341 829 postremo
3386 742 3524 809 hoc

1019 845 1036 858 ·
2005 853 2215 897 numo
2264 837 2530 918 pictura
2567 836 2725 899 vide
2750 884 2770 914 ,
2823 856 2999 921 quae
3036 859 3526 903 commemora-

689 935 966 999 IVLIA.
1008 934 1339 1000 MAESA.
1381 929 1588 998 AVG.
1640 932 1709 995 in
1769 951 1922 995 non·
1971 928 2098 993 ·bo
2127 931 2197 993 in
2222 943 2516 994 tractatu
2555 932 2641 994 de
2674 933 2891 997 numis
2925 936 3531 1000 consecrationum.

684 1031 864 1095 hallis
927 1034 1130 1095 amnis
1211 1032 1270 1095 1.
1329 1028 1582 1113 formae
1642 1024 1926 1093 Avaa
2980 1105 2985 1114 1
3382 1021 3389 1026 ’

686 1127 798 1188 ST
807 1126 940 1191 ΛΕ.
993 1125 1205 1212 Hujus
1238 1134 1444 1210 caput.
2290 1124 2490 1190 Numi
2538 1128 2856 1189 commatis
2896 1130 3246 1212 peregrini.

397 1223 720 1290 Aversae'
757 1241 907 1284 cum
949 1222 1158 1284 solitis
1193 1217 1635 1305 Augustarum
1700 1218 1920 1303 typis:
3128 1283 3133 1286 ,
3452 1291 3459 1300 .

394 1316 999 1384 FECVNDITAS.
1020 1313 1921 1383 AVG.—P1ETAS.AVG.
2103 1313 2280 1380 Iusto
2326 1334 2607 1380 numero
2652 1316 3008 1404 suppetunt
3069 1318 3347 1383 Maesae
3410 1340 3528 1383 nn·

400 1413 992 1482 -PVDICITIA
1041 1425 1166 1479 etc.
1208 1414 1354 1478 AV.
1399 1412 1546 1477 AR.
1580 1410 1808 1477 AE.1.
1837 1410 1921 1474 11.
1971 1414 2103 1474 ‚mi
2145 1425 2287 1475 tam
2326 1414 2396 1475 in
2438 1409 2718 1476 urbibus
2769 1413 3043 1493 liberis,
3092 1435 3296 1498 quam
3341 1416 3528 1479 colo-

2005 1509 2137 1572 niis
2169 1508 2441 1595 signati,
2496 1510 2820 1594 quoniam
2851 1507 3181 1596 Augustos
3231 1511 3529 1578 honores

848 1605 1069 1672 Diva
1166 1606 1250 1670 Μ
1266 1605 1468 1692 aesa.
2003 1624 2146 1667 non
2186 1606 2393 1668 modo
2424 1626 2548 1689 per
2584 1617 2803 1669 totum
2847 1605 3205 1693 Elagabali
3259 1609 3527 1694 imperi-

1897 1775 1905 1782 ,
2007 1719 2121 1762 um
2157 1748 2176 1778 ‚
2229 1701 2337 1764 sed
2376 1707 2582 1764 etiam
2624 1715 2889 1785 partem
2945 1702 3319 1766 Alexandri
3356 1704 3530 1768 obti-

355 1848 362 1856 .
490 1800 598 1862 De
647 1801 788 1880 ejus
838 1798 1341 1862 consecratione
1384 1796 1557 1862 haec
1589 1792 1923 1858 Her-odia·
1965 1849 1972 1854 .
2008 1798 2180 1861 nuit.
2207 1799 2283 1864 In
2307 1800 2529 1860 numis
2549 1798 3028 1862 Alexandrinis
3050 1800 3528 1884 diciturMHT.

396 1915 561 1960 nus:
607 1901 664 1972 θ)
714 1893 987 1962 Mortua
1040 1896 1112 1983 est
1139 1895 1367 1982 Maesa
1381 1896 1523 1978 jam
1531 1892 1762 1977 senior,
1787 1910 1924 1954 con·
2011 1893 2131 1957 CT
2137 1894 2270 1957 ΡΑ.
2317 1895 2387 1955 id
2429 1892 2554 1956 est:
2610 1914 2819 1975 μητηρ,
2847 1895 3245 1980 στρατοπεδε,
3330 1906 3533 1962 mater

367 1990 593 2079 secuta
630 1989 931 2072 honores,
978 1993 1086 2076 qui
1115 1990 1419 2076 Augustis
1448 1988 1644 2052 tribui
1693 1989 1924 2069 consue·
2009 1990 2347 2082 castrorum
2368 2036 2392 2072 ,
2443 1991 2630 2074 quod
2683 2008 2931 2054 nomen
2974 1990 3278 2055 delatum
3320 1996 3532 2055 etiam

396 2105 563 2165 vere,
614 2097 675 2150 ει
702 2106 783 2150 ex
812 2089 1082 2179 instituto
1107 2085 1530 2150 Romanorum
1554 2082 1924 2166 consecrata,
2009 2081 2145 2145 fuit
2180 2091 2318 2163 ejus
2357 2084 2540 2148 filiae
2569 2085 2934 2148 Mamaeae
2959 2134 2976 2164 ,
3028 2099 3103 2148 ut
3161 2088 3326 2150 olim
3366 2108 3532 2171 quo-

686 2182 939 2276 DIVA.
982 2177 1778 2245 MAESA.AVGVSTA.
1806 2176 1928 2241 Ca·
1979 2198 2146 2261 ‚que
2180 2177 2536 2243 Faustinae
2567 2182 2842 2262 juniori,
2896 2193 2965 2243 et
2986 2169 3328 2247 Domhae.
3378 2177 3533 2268 Ipsa

684 2287 803 2362 put
838 2277 1127 2342 velatum.
1977 2294 2178 2338 ‚vero
2200 2287 2355 2338 ante
2391 2276 2562 2339 alias
2595 2274 3045 2339 honorificum
3077 2273 3244 2340 illud
3283 2298 3532 2342 nomen

405 2372 1070 2452 CONSECRATIO.
1119 2372 1188 2438 S.
1227 2370 1303 2435 C.
1357 2371 1576 2458 Maesa
1609 2369 1690 2436 ab
1716 2365 1930 2454 aquila
2012 2370 2383 2455 promerita
2474 2371 2659 2455 qnod
2700 2373 2769 2432 in
2794 2371 3056 2457 praelio
3093 2392 3245 2435 cum
3279 2373 3530 2438 Macri-

387 2471 634 2558 sursum
672 2474 855 2535 elata.
907 2468 1046 2532 ΑΕ.
1088 2469 1140 2533 l.
1167 2467 1447 2555 (Vaill.)
1465 2468 1608 2531 ΑΕ.
1644 2467 1728 2530 11.
1767 2457 1926 2557 (Pa-
2012 2486 2101 2530 no
2149 2466 2216 2528 in
2253 2487 2361 2532 me
2418 2468 2551 2530 'am
2576 2468 2793 2530 aciem
2815 2469 3157 2554 progressa
3212 2471 3533 2555 exemplo

401 2564 555 2644 tin.)
641 2568 714 2629 In
770 2566 958 2628 alio:
1021 2566 1258 2649 Rogas.
1325 2565 1469 2631 ΑΕ.
1522 2565 1815 2647 (Romae
1855 2560 1926 2623 in
2008 2561 2125 2628 suo
2154 2560 2491 2651 fugientes
2527 2564 2937 2652 «revocavit,
2989 2576 3063 2629 ut
3096 2563 3418 2630 diximus.

363 2661 562 2726 .mus.
599 2661 682 2729 cl.
723 2658 1223 2742 vicecomitis.)
1375 2679 1380 2684 ·

1675 2952 1739 3017 P
1755 2948 1818 3017 R
1828 2953 1895 3019 Ε
1910 2949 2022 3022 TI
2047 2953 2118 3020 V
2126 2951 2233 3029 M.

363 3093 735 3210 ‘commatis
781 3143 1052 3211 Romam·
1075 3165 1103 3207 .-
1765 3109 1770 3114 ⁰
1971 3097 1978 3104 ι

591 3244 801 3305 Aurei
899 3275 932 3293 -
1136 3277 1158 3290 -
1355 3277 1380 3288 ·
1577 3277 1600 3290 ·
1695 3283 1701 3292 ·
1806 3278 1832 3292 ·
1977 3288 1986 3297 -
2023 3280 2047 3292 -
2251 3279 2274 3291 -
2474 3280 2501 3297 -
2697 3276 2725 3296 ·
2920 3285 2942 3298 -
3139 3245 3413 3311 RRRR.

588 3338 910 3423 Argentei
1144 3372 1168 3387 ·
1366 3372 1389 3386 ·
1589 3371 1615 3386 -
1812 3370 1837 3385 -
2032 3373 2055 3387 -
2258 3373 2284 3387 -
2478 3371 2501 3387 .
2698 3372 2725 3390 .
2925 3376 2948 3390 .
3146 3338 3223 3403 C,

547 3467 554 3472 -
589 3435 806 3495 Aenei
851 3432 900 3497 1.
936 3445 1003 3495 et
1040 3436 1117 3496 11.
1164 3431 1432 3496 formae
1583 3468 1609 3483 -
1804 3465 1831 3479 ·
2024 3465 2050 3480 -
2251 3466 2277 3480 -
2466 3464 2491 3482 ·
2690 3467 2716 3480 ·
2917 3464 2942 3482 ο
3137 3430 3215 3495 C.

363 3534 743 3603 ·Commatis
783 3532 1108 3615 peregrim·
1131 3553 1156 3594 .-
1205 3541 1279 3592 ut
1312 3527 1635 3592 continuo
1670 3525 1953 3591 dictum.

815 3820 919 3884 M.
1015 3816 1640 3886 AVRELIVS
1732 3810 2460 3884 ALEXANDER
2555 3810 3108 3883 SEVERVS.

489 4015 709 4079 Natus
766 4011 1158 4098 parentibus
1226 4010 1459 4075 Gessio
1493 4003 1498 4012 ⁸
1528 4013 1930 4091 Marciano,
2011 4012 2260 4074 xandri
2300 4010 2441 4087 M„
2492 4030 2643 4073 cum
2688 4007 2865 4074 forte
2898 4021 3212 4096 parentes
3266 4010 3374 4096 die
3430 4011 3527 4078 fe·

398 4123 465 4174 et
497 4112 672 4172 Iulia
715 4112 1039 4173 Mamaea
1081 4108 1296 4192 (Vide
1339 4108 1804 4194 genealogiam
1861 4110 1929 4171 in
2014 4106 2105 4169 [lo
2135 4108 2533 4184 Alexandri,
2588 4120 2656 4172 ut
2690 4108 3095 4171 solemnitati
3123 4110 3535 4191 interessentf

319 4197 817 4290 ‘Elagabalo)
905 4206 973 4266 in
1051 4204 1385 4282 Phoenice
1443 4208 1622 4288 apud
1681 4211 1925 4267 Arcam
2013 4223 2096 4266 eo
2141 4206 2481 4270 venissent.
2522 4191 2576 4282 b)
2628 4206 2875 4268 Natum
2926 4208 3108 4269 circa
3149 4226 3391 4268 annum
3449 4210 3529 4270 V.

395 4301 800 4365 Caesaream
846 4299 1093 4363 Libani
1149 4301 1214 4361 in
1271 4303 1525 4386 templo
1581 4302 1721 4385 ipso
1779 4301 1925 4363 Ale·
2012 4298 2085 4364 C.
2133 4315 2268 4384 958
2311 4302 2388 4365 P.
2427 4302 2506 4376 X.
2553 4320 2685 4384 205
2728 4301 3063 4388 colligitu'r
3101 4323 3188 4365 ex
3222 4300 3530 4387 Lampri-

459 4509 522 4576 ι)
558 4508 624 4560 in
654 4507 822 4565 Alex.
857 4505 987 4572 Ser.
1181 4505 1245 4579 b)
1279 4506 1570 4581 lamprid,
1606 4528 1652 4567 c.
1693 4529 1777 4582 ⁸3·
1815 4521 1868 4567 et
1895 4526 1960 4582 5.
1995 4509 2202 4567 Victor.
2234 4525 2241 4530 ·
2368 4569 2373 4574 .
2913 4587 3028 4654 LI
3068 4585 3075 4592 ,

2803 4637 2811 4644 .
2870 4608 2887 4620 ’
3079 4605 3123 4652 2
