<?xml version="1.0" encoding="UTF-8"?>
<!DOCTYPE html PUBLIC "-//W3C//DTD XHTML 1.0 Transitional//EN"
    "http://www.w3.org/TR/xhtml1/DTD/xhtml1-transitional.dtd">
<html xmlns="http://www.w3.org/1999/xhtml" xml:lang="en" lang="en">
 <head>
  <title>
</title>
<meta http-equiv="Content-Type" content="text/html;charset=utf-8" />
  <meta name='ocr-system' content='tesseract 3.04.00' />
  <meta name='ocr-capabilities' content='ocr_page ocr_carea ocr_par ocr_line ocrx_word'/>
</head>
<body>
  <div class='ocr_page' id='page_1' title='image "./doctrinanumorum03unkngoog_0396.png"; bbox 0 0 4242 5459; ppageno 0'>
   <div class='ocr_carea' id='block_1_1' title="bbox 820 568 969 648">
    <p class='ocr_par' dir='ltr' id='par_1_1' title="bbox 820 568 969 648">
     <span class='ocr_line' id='line_1_1' title="bbox 820 568 969 648; baseline -0.007 -19"><span class='ocrx_word' id='word_1_1' title='bbox 820 568 969 648; x_wconf 78' lang='lat'>365·</span> 
     </span>
    </p>
   </div>
   <div class='ocr_carea' id='block_1_2' title="bbox 816 739 2366 3031">
    <p class='ocr_par' dir='ltr' id='par_1_2' title="bbox 816 739 2366 3031">
     <span class='ocr_line' id='line_1_2' title="bbox 819 739 2365 820; baseline -0.011 0"><span class='ocrx_word' id='word_1_2' title='bbox 819 766 1021 820; x_wconf 84' lang='lat' dir='ltr'>netae</span> <span class='ocrx_word' id='word_1_3' title='bbox 1062 752 1215 815; x_wconf 88' lang='lat' dir='ltr'>suae</span> <span class='ocrx_word' id='word_1_4' title='bbox 1257 747 1355 811; x_wconf 81' lang='lat' dir='ltr'>ita</span> <span class='ocrx_word' id='word_1_5' title='bbox 1397 739 1815 809; x_wconf 81' lang='lat' dir='ltr'>inserendam</span> <span class='ocrx_word' id='word_1_6' title='bbox 1841 741 2245 817; x_wconf 80' lang='lat' dir='ltr'>decreviss&#39;e,</span> <span class='ocrx_word' id='word_1_7' title='bbox 2291 752 2365 803; x_wconf 89' lang='lat' dir='ltr'>ut</span> 
     </span>
     <span class='ocr_line' id='line_1_3' title="bbox 821 835 2361 929; baseline -0.011 -14"><span class='ocrx_word' id='word_1_8' title='bbox 821 855 963 929; x_wconf 76' lang='lat' dir='ltr'>eius</span> <span class='ocrx_word' id='word_1_9' title='bbox 1001 846 1357 912; x_wconf 74' lang='lat' dir='ltr'>exordium</span> <span class='ocrx_word' id='word_1_10' title='bbox 1402 841 1491 904; x_wconf 90' lang='lat' dir='ltr'>ab</span> <span class='ocrx_word' id='word_1_11' title='bbox 1554 838 1739 901; x_wconf 78' lang='lat' dir='ltr'>exitu</span> <span class='ocrx_word' id='word_1_12' title='bbox 1796 838 2153 920; x_wconf 86' lang='lat' dir='ltr'>utriusque</span> <span class='ocrx_word' id='word_1_13' title='bbox 2197 835 2361 909; x_wconf 68' lang='lat' dir='ltr'>⁸Phi·</span> 
     </span>
     <span class='ocr_line' id='line_1_4' title="bbox 818 933 2362 1033; baseline -0.011 -21"><span class='ocrx_word' id='word_1_14' title='bbox 818 948 991 1033; x_wconf 82' lang='lat' dir='ltr'>lippi</span> <span class='ocrx_word' id='word_1_15' title='bbox 1016 941 1404 1009; x_wconf 76' lang='lat' dir='ltr'>sumendum</span> <span class='ocrx_word' id='word_1_16' title='bbox 1442 935 1616 998; x_wconf 77' lang='lat' dir='ltr'>ess&#39;et.</span> <span class='ocrx_word' id='word_1_17' title='bbox 1670 939 1767 997; x_wconf 87' lang='lat' dir='ltr'>Ac</span> <span class='ocrx_word' id='word_1_18' title='bbox 1806 944 2178 1018; x_wconf 85' lang='lat' dir='ltr'>propterea</span> <span class='ocrx_word' id='word_1_19' title='bbox 2214 933 2362 1015; x_wconf 84' lang='lat' dir='ltr'>opi-</span> 
     </span>
     <span class='ocr_line' id='line_1_5' title="bbox 819 1026 2361 1111; baseline -0.012 -4"><span class='ocrx_word' id='word_1_20' title='bbox 819 1056 1023 1106; x_wconf 80' lang='lat' dir='ltr'><strong>natur</strong></span> <span class='ocrx_word' id='word_1_21' title='bbox 1057 1036 1340 1103; x_wconf 83' lang='lat' dir='ltr'>eveniss’e</span> <span class='ocrx_word' id='word_1_22' title='bbox 1368 1081 1388 1111; x_wconf 83' lang='lat'><strong>,</strong></span> <span class='ocrx_word' id='word_1_23' title='bbox 1440 1044 1514 1096; x_wconf 88' lang='lat' dir='ltr'>ut</span> <span class='ocrx_word' id='word_1_24' title='bbox 1552 1028 1695 1093; x_wconf 85' lang='lat' dir='ltr'>fere</span> <span class='ocrx_word' id='word_1_25' title='bbox 1745 1028 1909 1092; x_wconf 85' lang='lat' dir='ltr'>nulli</span> <span class='ocrx_word' id='word_1_26' title='bbox 1973 1026 2203 1090; x_wconf 87' lang='lat' dir='ltr'>adhuc</span> <span class='ocrx_word' id='word_1_27' title='bbox 2243 1027 2361 1089; x_wconf 90' lang='lat' dir='ltr'>seu</span> 
     </span>
     <span class='ocr_line' id='line_1_6' title="bbox 816 1124 2352 1209; baseline -0.012 -7"><span class='ocrx_word' id='word_1_28' title='bbox 816 1135 1246 1202; x_wconf 87' lang='lat' dir='ltr'>Treboniani</span> <span class='ocrx_word' id='word_1_29' title='bbox 1276 1177 1296 1209; x_wconf 92' lang='lat'><strong>‚</strong></span> <span class='ocrx_word' id='word_1_30' title='bbox 1370 1128 1478 1192; x_wconf 81' lang='lat' dir='ltr'>seu</span> <span class='ocrx_word' id='word_1_31' title='bbox 1540 1124 1882 1189; x_wconf 74' lang='lat' dir='ltr'>Volusiani</span> <span class='ocrx_word' id='word_1_32' title='bbox 1947 1127 2133 1185; x_wconf 90' lang='lat' dir='ltr'>numi</span> <span class='ocrx_word' id='word_1_33' title='bbox 2202 1141 2352 1184; x_wconf 87' lang='lat' dir='ltr'>cum</span> 
     </span>
     <span class='ocr_line' id='line_1_7' title="bbox 823 1217 2354 1307; baseline -0.011 -11"><span class='ocrx_word' id='word_1_34' title='bbox 823 1233 1172 1296; x_wconf 76' lang='lat' dir='ltr'><strong>tribunatu</strong></span> <span class='ocrx_word' id='word_1_35' title='bbox 1223 1229 1278 1296; x_wconf 84' lang='lat'>1.</span> <span class='ocrx_word' id='word_1_36' title='bbox 1340 1236 1407 1289; x_wconf 89' lang='lat' dir='ltr'>et</span> <span class='ocrx_word' id='word_1_37' title='bbox 1451 1222 1587 1307; x_wconf 91' lang='lat'>11.‚</span> <span class='ocrx_word' id='word_1_38' title='bbox 1643 1221 1751 1283; x_wconf 80' lang='lat' dir='ltr'>[ed</span> <span class='ocrx_word' id='word_1_39' title='bbox 1809 1239 2017 1302; x_wconf 89' lang='lat' dir='ltr'>quam</span> <span class='ocrx_word' id='word_1_40' title='bbox 2080 1217 2354 1304; x_wconf 80' lang='lat' dir='ltr'>plurimi</span> 
     </span>
     <span class='ocr_line' id='line_1_8' title="bbox 827 1312 2357 1411; baseline -0.012 -19"><span class='ocrx_word' id='word_1_41' title='bbox 827 1329 1180 1411; x_wconf 87' lang='lat' dir='ltr'>utriusque</span> <span class='ocrx_word' id='word_1_42' title='bbox 1222 1342 1370 1387; x_wconf 90' lang='lat' dir='ltr'>cum</span> <span class='ocrx_word' id='word_1_43' title='bbox 1411 1317 1757 1383; x_wconf 82' lang='lat' dir='ltr'>tribunatu</span> <span class='ocrx_word' id='word_1_44' title='bbox 1789 1315 1914 1380; x_wconf 87' lang='lat'>111.</span> <span class='ocrx_word' id='word_1_45' title='bbox 1975 1326 2042 1377; x_wconf 85' lang='lat' dir='ltr'>et</span> <span class='ocrx_word' id='word_1_46' title='bbox 2088 1314 2207 1377; x_wconf 82' lang='lat' dir='ltr'>lv.</span> <span class='ocrx_word' id='word_1_47' title='bbox 2262 1312 2357 1375; x_wconf 78' lang='lat' dir='ltr'>es-</span> 
     </span>
     <span class='ocr_line' id='line_1_9' title="bbox 825 1408 2357 1508; baseline -0.011 -21"><span class='ocrx_word' id='word_1_48' title='bbox 825 1425 967 1489; x_wconf 87' lang='lat' dir='ltr'>sent</span> <span class='ocrx_word' id='word_1_49' title='bbox 1010 1421 1278 1508; x_wconf 86' lang='lat' dir='ltr'>reperti.</span> <span class='ocrx_word' id='word_1_50' title='bbox 1331 1420 1522 1480; x_wconf 85' lang='lat' dir='ltr'>Haec</span> <span class='ocrx_word' id='word_1_51' title='bbox 1562 1414 1670 1477; x_wconf 80' lang='lat' dir='ltr'>vir</span> <span class='ocrx_word' id='word_1_52' title='bbox 1705 1411 2005 1474; x_wconf 84' lang='lat' dir='ltr'>eruditus</span> <span class='ocrx_word' id='word_1_53' title='bbox 2040 1458 2063 1492; x_wconf 90' lang='lat'><strong>,</strong></span> <span class='ocrx_word' id='word_1_54' title='bbox 2136 1408 2220 1472; x_wconf 85' lang='lat' dir='ltr'>[ic</span> <span class='ocrx_word' id='word_1_55' title='bbox 2257 1420 2357 1471; x_wconf 89' lang='lat' dir='ltr'>ta-</span> 
     </span>
     <span class='ocr_line' id='line_1_10' title="bbox 822 1505 2366 1599; baseline -0.012 -14"><span class='ocrx_word' id='word_1_56' title='bbox 822 1540 981 1584; x_wconf 80' lang='lat' dir='ltr'>men</span> <span class='ocrx_word' id='word_1_57' title='bbox 1008 1567 1028 1599; x_wconf 92' lang='lat'><strong>‚</strong></span> <span class='ocrx_word' id='word_1_58' title='bbox 1078 1530 1152 1581; x_wconf 89' lang='lat' dir='ltr'>ut</span> <span class='ocrx_word' id='word_1_59' title='bbox 1178 1514 1349 1580; x_wconf 88' lang='lat' dir='ltr'>nolit</span> <span class='ocrx_word' id='word_1_60' title='bbox 1385 1511 1776 1574; x_wconf 83' lang='lat' dir='ltr'>sententiam</span> <span class='ocrx_word' id='word_1_61' title='bbox 1814 1507 1997 1569; x_wconf 84' lang='lat' dir='ltr'>suam</span> <span class='ocrx_word' id='word_1_62' title='bbox 2021 1505 2179 1568; x_wconf 89' lang='lat' dir='ltr'>satis</span> <span class='ocrx_word' id='word_1_63' title='bbox 2220 1524 2366 1568; x_wconf 87' lang='lat' dir='ltr'>cer-</span> 
     </span>
     <span class='ocr_line' id='line_1_11' title="bbox 832 1601 2362 1702; baseline -0.01 -24"><span class='ocrx_word' id='word_1_64' title='bbox 832 1630 974 1681; x_wconf 88' lang='lat' dir='ltr'>tam</span> <span class='ocrx_word' id='word_1_65' title='bbox 1014 1626 1277 1702; x_wconf 86' lang='lat' dir='ltr'>putare.</span> <span class='ocrx_word' id='word_1_66' title='bbox 1334 1614 1433 1672; x_wconf 87' lang='lat' dir='ltr'>Ac</span> <span class='ocrx_word' id='word_1_67' title='bbox 1464 1609 1609 1688; x_wconf 82' lang='lat' dir='ltr'>jure</span> <span class='ocrx_word' id='word_1_68' title='bbox 1652 1604 1953 1687; x_wconf 89' lang='lat' dir='ltr'>quidem,</span> <span class='ocrx_word' id='word_1_69' title='bbox 2002 1601 2148 1664; x_wconf 82' lang='lat' dir='ltr'>sunt</span> <span class='ocrx_word' id='word_1_70' title='bbox 2182 1602 2362 1663; x_wconf 85' lang='lat' dir='ltr'>enim</span> 
     </span>
     <span class='ocr_line' id='line_1_12' title="bbox 826 1697 2360 1797; baseline -0.014 -19"><span class='ocrx_word' id='word_1_71' title='bbox 826 1733 963 1778; x_wconf 89' lang='lat' dir='ltr'>non</span> <span class='ocrx_word' id='word_1_72' title='bbox 1005 1728 1271 1797; x_wconf 82' lang='lat' dir='ltr'>pauca,</span> <span class='ocrx_word' id='word_1_73' title='bbox 1323 1723 1501 1789; x_wconf 88' lang='lat' dir='ltr'>quae</span> <span class='ocrx_word' id='word_1_74' title='bbox 1527 1721 1633 1764; x_wconf 89' lang='lat' dir='ltr'>me</span> <span class='ocrx_word' id='word_1_75' title='bbox 1674 1717 1908 1765; x_wconf 79' lang='lat' dir='ltr'>omnes</span> <span class='ocrx_word' id='word_1_76' title='bbox 1949 1697 2076 1760; x_wconf 86' lang='lat' dir='ltr'>has</span> <span class='ocrx_word' id='word_1_77' title='bbox 2126 1698 2360 1758; x_wconf 74' lang='lat' dir='ltr'>cantas</span> 
     </span>
     <span class='ocr_line' id='line_1_13' title="bbox 832 1793 2362 1890; baseline -0.013 -17"><span class='ocrx_word' id='word_1_78' title='bbox 832 1809 1053 1875; x_wconf 86' lang='lat' dir='ltr'>obiter</span> <span class='ocrx_word' id='word_1_79' title='bbox 1094 1802 1587 1890; x_wconf 79' lang='lat' dir='ltr'>expendentem</span> <span class='ocrx_word' id='word_1_80' title='bbox 1655 1795 1742 1858; x_wconf 86' lang='lat' dir='ltr'>ab</span> <span class='ocrx_word' id='word_1_81' title='bbox 1791 1793 1925 1855; x_wconf 89' lang='lat' dir='ltr'>hac</span> <span class='ocrx_word' id='word_1_82' title='bbox 1971 1795 2362 1873; x_wconf 84' lang='lat' dir='ltr'>conjectura</span> 
     </span>
     <span class='ocr_line' id='line_1_14' title="bbox 826 1887 2361 1979; baseline -0.015 -9"><span class='ocrx_word' id='word_1_83' title='bbox 826 1912 1167 1970; x_wconf 81' lang='lat' dir='ltr'>avertunt.</span> <span class='ocrx_word' id='word_1_84' title='bbox 1224 1899 1366 1960; x_wconf 81' lang='lat' dir='ltr'>iam</span> <span class='ocrx_word' id='word_1_85' title='bbox 1392 1896 1685 1979; x_wconf 85' lang='lat' dir='ltr'>primum</span> <span class='ocrx_word' id='word_1_86' title='bbox 1709 1887 2004 1975; x_wconf 84' lang='lat' dir='ltr'>probare</span> <span class='ocrx_word' id='word_1_87' title='bbox 2039 1907 2173 1950; x_wconf 91' lang='lat' dir='ltr'>non</span> <span class='ocrx_word' id='word_1_88' title='bbox 2213 1887 2361 1972; x_wconf 85' lang='lat' dir='ltr'>pos-</span> 
     </span>
     <span class='ocr_line' id='line_1_15' title="bbox 826 1984 2357 2069; baseline -0.015 -3"><span class='ocrx_word' id='word_1_89' title='bbox 826 2002 965 2066; x_wconf 80' lang='lat' dir='ltr'>sum</span> <span class='ocrx_word' id='word_1_90' title='bbox 1000 1999 1275 2064; x_wconf 86' lang='lat' dir='ltr'>ductum</span> <span class='ocrx_word' id='word_1_91' title='bbox 1316 2013 1359 2056; x_wconf 91' lang='lat' dir='ltr'>a</span> <span class='ocrx_word' id='word_1_92' title='bbox 1392 1991 1648 2053; x_wconf 81' lang='lat' dir='ltr'>Severo</span> <span class='ocrx_word' id='word_1_93' title='bbox 1675 1984 2059 2069; x_wconf 78' lang='lat' dir='ltr'>exemplum</span> <span class='ocrx_word' id='word_1_94' title='bbox 2082 2030 2102 2059; x_wconf 86' lang='lat'>‚</span> <span class='ocrx_word' id='word_1_95' title='bbox 2156 1998 2357 2066; x_wconf 87' lang='lat' dir='ltr'>quern</span> 
     </span>
     <span class='ocr_line' id='line_1_16' title="bbox 830 2079 2359 2172; baseline -0.019 -10"><span class='ocrx_word' id='word_1_96' title='bbox 830 2100 930 2163; x_wconf 83' lang='lat' dir='ltr'>ait</span> <span class='ocrx_word' id='word_1_97' title='bbox 957 2094 1223 2158; x_wconf 86' lang='lat' dir='ltr'>initium</span> <span class='ocrx_word' id='word_1_98' title='bbox 1269 2086 1538 2172; x_wconf 86' lang='lat' dir='ltr'>imperii</span> <span class='ocrx_word' id='word_1_99' title='bbox 1582 2084 1903 2148; x_wconf 82' lang='lat' dir='ltr'>continuo</span> <span class='ocrx_word' id='word_1_100' title='bbox 1945 2099 1989 2143; x_wconf 89' lang='lat' dir='ltr'>a</span> <span class='ocrx_word' id='word_1_101' title='bbox 2029 2079 2359 2142; x_wconf 89' lang='lat' dir='ltr'>Commo-</span> 
     </span>
     <span class='ocr_line' id='line_1_17' title="bbox 830 2176 2362 2265; baseline -0.015 -6"><span class='ocrx_word' id='word_1_102' title='bbox 830 2188 899 2259; x_wconf 86' lang='lat' dir='ltr'>di</span> <span class='ocrx_word' id='word_1_103' title='bbox 940 2209 1104 2255; x_wconf 90' lang='lat' dir='ltr'>nece</span> <span class='ocrx_word' id='word_1_104' title='bbox 1152 2184 1446 2261; x_wconf 72' lang='lat' dir='ltr'>duxiss&#39;e,</span> <span class='ocrx_word' id='word_1_105' title='bbox 1500 2182 1685 2265; x_wconf 88' lang='lat' dir='ltr'>quod</span> <span class='ocrx_word' id='word_1_106' title='bbox 1727 2177 1890 2242; x_wconf 89' lang='lat' dir='ltr'>olim</span> <span class='ocrx_word' id='word_1_107' title='bbox 1929 2178 1999 2239; x_wconf 90' lang='lat' dir='ltr'>in</span> <span class='ocrx_word' id='word_1_108' title='bbox 2041 2176 2202 2239; x_wconf 86' lang='lat' dir='ltr'>trib.&#39;</span> <span class='ocrx_word' id='word_1_109' title='bbox 2241 2193 2362 2260; x_wconf 87' lang='lat' dir='ltr'>po-</span> 
     </span>
     <span class='ocr_line' id='line_1_18' title="bbox 830 2272 2362 2355; baseline -0.014 -1"><span class='ocrx_word' id='word_1_110' title='bbox 830 2286 1065 2355; x_wconf 80' lang='lat' dir='ltr'>testate</span> <span class='ocrx_word' id='word_1_111' title='bbox 1124 2283 1355 2349; x_wconf 84' lang='lat' dir='ltr'>Severi</span> <span class='ocrx_word' id='word_1_112' title='bbox 1430 2279 1636 2343; x_wconf 89' lang='lat' dir='ltr'>latius</span> <span class='ocrx_word' id='word_1_113' title='bbox 1692 2272 2032 2353; x_wconf 70' lang='lat' dir='ltr'>refutabo.</span> <span class='ocrx_word' id='word_1_114' title='bbox 2100 2272 2362 2354; x_wconf 68' lang='lat' dir='ltr'>Neque</span> 
     </span>
     <span class='ocr_line' id='line_1_19' title="bbox 831 2369 2361 2462; baseline -0.016 -11"><span class='ocrx_word' id='word_1_115' title='bbox 831 2390 1043 2451; x_wconf 84' lang='lat' dir='ltr'>etiam</span> <span class='ocrx_word' id='word_1_116' title='bbox 1083 2378 1299 2445; x_wconf 82' lang='lat' dir='ltr'>adseri</span> <span class='ocrx_word' id='word_1_117' title='bbox 1332 2370 1582 2462; x_wconf 79' lang='lat' dir='ltr'>potest,</span> <span class='ocrx_word' id='word_1_118' title='bbox 1632 2371 1921 2436; x_wconf 86' lang='lat' dir='ltr'>Decium</span> <span class='ocrx_word' id='word_1_119' title='bbox 1962 2369 2115 2435; x_wconf 91' lang='lat' dir='ltr'>trib.</span> <span class='ocrx_word' id='word_1_120' title='bbox 2164 2379 2361 2454; x_wconf 81' lang='lat' dir='ltr'>pote-</span> 
     </span>
     <span class='ocr_line' id='line_1_20' title="bbox 831 2462 2359 2553; baseline -0.013 -7"><span class='ocrx_word' id='word_1_121' title='bbox 831 2481 1066 2546; x_wconf 75' lang='lat' dir='ltr'>statem</span> <span class='ocrx_word' id='word_1_122' title='bbox 1105 2477 1370 2539; x_wconf 77' lang='lat' dir='ltr'>[enatus</span> <span class='ocrx_word' id='word_1_123' title='bbox 1412 2469 1697 2535; x_wconf 85' lang='lat' dir='ltr'>arbitrio</span> <span class='ocrx_word' id='word_1_124' title='bbox 1750 2464 2129 2553; x_wconf 80' lang='lat' dir='ltr'>permifiss&#39;e.</span> <span class='ocrx_word' id='word_1_125' title='bbox 2202 2462 2359 2546; x_wconf 84' lang='lat' dir='ltr'>Quo</span> 
     </span>
     <span class='ocr_line' id='line_1_21' title="bbox 830 2561 2359 2647; baseline -0.014 -5"><span class='ocrx_word' id='word_1_126' title='bbox 830 2576 1000 2642; x_wconf 81' lang='lat' dir='ltr'>istud</span> <span class='ocrx_word' id='word_1_127' title='bbox 1037 2577 1291 2638; x_wconf 88' lang='lat' dir='ltr'>idoneo</span> <span class='ocrx_word' id='word_1_128' title='bbox 1336 2579 1616 2633; x_wconf 88' lang='lat' dir='ltr'>auctore</span> <span class='ocrx_word' id='word_1_129' title='bbox 1662 2561 2004 2647; x_wconf 86' lang='lat' dir='ltr'>acceperit</span> <span class='ocrx_word' id='word_1_130' title='bbox 2054 2561 2162 2624; x_wconf 85' lang='lat' dir='ltr'>vir</span> <span class='ocrx_word' id='word_1_131' title='bbox 2214 2579 2359 2621; x_wconf 88' lang='lat' dir='ltr'>eru·</span> 
     </span>
     <span class='ocr_line' id='line_1_22' title="bbox 831 2653 2361 2740; baseline -0.016 -2"><span class='ocrx_word' id='word_1_132' title='bbox 831 2675 1010 2739; x_wconf 84' lang='lat' dir='ltr'>ditus</span> <span class='ocrx_word' id='word_1_133' title='bbox 1058 2673 1127 2735; x_wconf 89' lang='lat' dir='ltr'>in</span> <span class='ocrx_word' id='word_1_134' title='bbox 1170 2662 1557 2731; x_wconf 89' lang='lat' dir='ltr'>indicandis</span> <span class='ocrx_word' id='word_1_135' title='bbox 1606 2657 1912 2721; x_wconf 85' lang='lat' dir='ltr'>fontibus</span> <span class='ocrx_word' id='word_1_136' title='bbox 1971 2653 2142 2740; x_wconf 80' lang='lat' dir='ltr'>justo</span> <span class='ocrx_word' id='word_1_137' title='bbox 2197 2673 2361 2740; x_wconf 80' lang='lat' dir='ltr'>par-</span> 
     </span>
     <span class='ocr_line' id='line_1_23' title="bbox 834 2754 2358 2859; baseline -0.014 -27"><span class='ocrx_word' id='word_1_138' title='bbox 834 2771 1024 2849; x_wconf 82' lang='lat' dir='ltr'>cior,</span> <span class='ocrx_word' id='word_1_139' title='bbox 1074 2767 1339 2849; x_wconf 85' lang='lat' dir='ltr'>ignoro.</span> <span class='ocrx_word' id='word_1_140' title='bbox 1408 2755 1770 2839; x_wconf 85' lang='lat' dir='ltr'>Pomponii</span> <span class='ocrx_word' id='word_1_141' title='bbox 1843 2754 2040 2816; x_wconf 88' lang='lat' dir='ltr'>Laeti</span> <span class='ocrx_word' id='word_1_142' title='bbox 2069 2798 2089 2828; x_wconf 86' lang='lat'>,</span> <span class='ocrx_word' id='word_1_143' title='bbox 2159 2768 2358 2859; x_wconf 74' lang='lat' dir='ltr'>quern</span> 
     </span>
     <span class='ocr_line' id='line_1_24' title="bbox 827 2848 2360 2943; baseline -0.011 -18"><span class='ocrx_word' id='word_1_144' title='bbox 827 2863 995 2925; x_wconf 82' lang='lat' dir='ltr'>iflud</span> <span class='ocrx_word' id='word_1_145' title='bbox 1034 2856 1392 2943; x_wconf 82' lang='lat' dir='ltr'>perbibere</span> <span class='ocrx_word' id='word_1_146' title='bbox 1428 2852 1632 2913; x_wconf 85' lang='lat' dir='ltr'>video</span> <span class='ocrx_word' id='word_1_147' title='bbox 1662 2896 1683 2926; x_wconf 89' lang='lat'><strong>‚</strong></span> <span class='ocrx_word' id='word_1_148' title='bbox 1749 2848 2125 2910; x_wconf 79' lang='lat' dir='ltr'>auctoritas</span> <span class='ocrx_word' id='word_1_149' title='bbox 2186 2854 2360 2908; x_wconf 79' lang='lat' dir='ltr'>tantl</span> 
     </span>
     <span class='ocr_line' id='line_1_25' title="bbox 829 2939 2361 3031; baseline -0.013 -10"><span class='ocrx_word' id='word_1_150' title='bbox 829 2954 1001 3021; x_wconf 79' lang='lat' dir='ltr'>mibi</span> <span class='ocrx_word' id='word_1_151' title='bbox 1031 2970 1171 3019; x_wconf 87' lang='lat' dir='ltr'>non</span> <span class='ocrx_word' id='word_1_152' title='bbox 1215 2948 1329 3012; x_wconf 78' lang='lat' dir='ltr'>est.</span> <span class='ocrx_word' id='word_1_153' title='bbox 1378 2947 1467 3013; x_wconf 86' lang='lat' dir='ltr'>Et</span> <span class='ocrx_word' id='word_1_154' title='bbox 1530 2946 1681 3028; x_wconf 79' lang='lat' dir='ltr'>quis</span> <span class='ocrx_word' id='word_1_155' title='bbox 1728 2943 1948 3007; x_wconf 85' lang='lat' dir='ltr'>Decio</span> <span class='ocrx_word' id='word_1_156' title='bbox 2006 2939 2361 3031; x_wconf 74' lang='lat' dir='ltr'>negaverit</span> 
     </span>
    </p>
   </div>
   <div class='ocr_carea' id='block_1_3' title="bbox 1891 486 2883 617">
    <p class='ocr_par' dir='ltr' id='par_1_3' title="bbox 1891 486 2883 617">
     <span class='ocr_line' id='line_1_26' title="bbox 1891 486 2883 617; baseline 0 -3"><span class='ocrx_word' id='word_1_157' title='bbox 1891 486 2883 617; x_wconf 60' lang='lat' dir='ltr'><strong>TRE&#39;BONIANVS(</strong></span> 
     </span>
    </p>
   </div>
   <div class='ocr_carea' id='block_1_4' title="bbox 2435 738 3984 1211">
    <p class='ocr_par' dir='ltr' id='par_1_4' title="bbox 2435 738 3984 1211">
     <span class='ocr_line' id='line_1_27' title="bbox 2445 738 3984 828; baseline 0.005 -25"><span class='ocrx_word' id='word_1_158' title='bbox 2445 739 2603 807; x_wconf 90' lang='lat' dir='ltr'>trib.</span> <span class='ocrx_word' id='word_1_159' title='bbox 2662 738 3105 828; x_wconf 79' lang='lat' dir='ltr'>potestatem,</span> <span class='ocrx_word' id='word_1_160' title='bbox 3177 743 3453 826; x_wconf 86' lang='lat' dir='ltr'>quando</span> <span class='ocrx_word' id='word_1_161' title='bbox 3503 762 3655 806; x_wconf 87' lang='lat' dir='ltr'>eam</span> <span class='ocrx_word' id='word_1_162' title='bbox 3701 743 3806 821; x_wconf 56' lang='lat' dir='ltr'>ini,</span> <span class='ocrx_word' id='word_1_163' title='bbox 3843 748 3984 819; x_wconf 80' lang='lat' dir='ltr'>tri-,</span> 
     </span>
     <span class='ocr_line' id='line_1_28' title="bbox 2444 835 3970 926; baseline 0.003 -26"><span class='ocrx_word' id='word_1_164' title='bbox 2444 835 2660 900; x_wconf 91' lang='lat' dir='ltr'>buunt</span> <span class='ocrx_word' id='word_1_165' title='bbox 2729 849 2834 899; x_wconf 84' lang='lat' dir='ltr'>tot</span> <span class='ocrx_word' id='word_1_166' title='bbox 2906 856 3297 913; x_wconf 82' lang='lat' dir='ltr'>marmora,</span> <span class='ocrx_word' id='word_1_167' title='bbox 3370 858 3654 922; x_wconf 89' lang='lat' dir='ltr'>quorum</span> <span class='ocrx_word' id='word_1_168' title='bbox 3697 853 3970 926; x_wconf 79' lang='lat' dir='ltr'>partem</span> 
     </span>
     <span class='ocr_line' id='line_1_29' title="bbox 2447 931 3970 1021; baseline 0.004 -26"><span class='ocrx_word' id='word_1_169' title='bbox 2447 931 2996 996; x_wconf 83' lang='lat' dir='ltr'>enumerabimus</span> <span class='ocrx_word' id='word_1_170' title='bbox 3027 936 3097 996; x_wconf 89' lang='lat' dir='ltr'>in</span> <span class='ocrx_word' id='word_1_171' title='bbox 3126 943 3423 996; x_wconf 87' lang='lat' dir='ltr'>tractatu</span> <span class='ocrx_word' id='word_1_172' title='bbox 3471 936 3554 998; x_wconf 85' lang='lat' dir='ltr'>de</span> <span class='ocrx_word' id='word_1_173' title='bbox 3587 935 3717 998; x_wconf 86' lang='lat' dir='ltr'>hac</span> <span class='ocrx_word' id='word_1_174' title='bbox 3751 938 3970 1021; x_wconf 83' lang='lat' dir='ltr'>digni·</span> 
     </span>
     <span class='ocr_line' id='line_1_30' title="bbox 2444 1027 3964 1113; baseline 0.003 -24"><span class='ocrx_word' id='word_1_175' title='bbox 2444 1028 2633 1090; x_wconf 79' lang='lat' dir='ltr'>tate?</span> <span class='ocrx_word' id='word_1_176' title='bbox 2681 1027 2990 1113; x_wconf 86' lang='lat' dir='ltr'>Denique</span> <span class='ocrx_word' id='word_1_177' title='bbox 3042 1049 3126 1092; x_wconf 91' lang='lat' dir='ltr'>eo</span> <span class='ocrx_word' id='word_1_178' title='bbox 3181 1029 3546 1092; x_wconf 84' lang='lat' dir='ltr'>certissime</span> <span class='ocrx_word' id='word_1_179' title='bbox 3594 1029 3740 1094; x_wconf 81' lang='lat' dir='ltr'>salli</span> <span class='ocrx_word' id='word_1_180' title='bbox 3779 1034 3964 1095; x_wconf 79' lang='lat' dir='ltr'>vide-</span> 
     </span>
     <span class='ocr_line' id='line_1_31' title="bbox 2435 1123 3975 1211; baseline 0.005 -26"><span class='ocrx_word' id='word_1_181' title='bbox 2435 1136 2584 1203; x_wconf 86' lang='lat' dir='ltr'>tur,</span> <span class='ocrx_word' id='word_1_182' title='bbox 2639 1125 2819 1207; x_wconf 87' lang='lat' dir='ltr'>quod</span> <span class='ocrx_word' id='word_1_183' title='bbox 2858 1123 3215 1201; x_wconf 86' lang='lat' dir='ltr'>adfirmat,</span> <span class='ocrx_word' id='word_1_184' title='bbox 3273 1125 3413 1187; x_wconf 81' lang='lat' dir='ltr'>vix&#39;</span> <span class='ocrx_word' id='word_1_185' title='bbox 3444 1126 3718 1211; x_wconf 87' lang='lat' dir='ltr'>aliquos</span> <span class='ocrx_word' id='word_1_186' title='bbox 3755 1125 3975 1192; x_wconf 76' lang='lat' dir='ltr'>exsta-</span> 
     </span>
    </p>
   </div>
   <div class='ocr_carea' id='block_1_5' title="bbox 2436 1218 4060 1286">
    <p class='ocr_par' dir='ltr' id='par_1_5' title="bbox 2436 1218 4060 1286">
     <span class='ocr_line' id='line_1_32' title="bbox 2436 1218 4060 1286; baseline 0.002 -3"><span class='ocrx_word' id='word_1_187' title='bbox 2436 1239 2509 1283; x_wconf 81' lang='lat' dir='ltr'>re</span> <span class='ocrx_word' id='word_1_188' title='bbox 2547 1218 2964 1283; x_wconf 85' lang='lat' dir='ltr'>Treboniani</span> <span class='ocrx_word' id='word_1_189' title='bbox 3006 1232 3071 1282; x_wconf 89' lang='lat' dir='ltr'>et</span> <span class='ocrx_word' id='word_1_190' title='bbox 3124 1220 3466 1284; x_wconf 85' lang='lat' dir='ltr'>Volufiani</span> <span class='ocrx_word' id='word_1_191' title='bbox 3525 1240 3770 1285; x_wconf 83' lang='lat' dir='ltr'>numos</span> <span class='ocrx_word' id='word_1_192' title='bbox 3811 1242 3966 1286; x_wconf 84' lang='lat' dir='ltr'>cum</span> <span class='ocrx_word' id='word_1_193' title='bbox 4047 1266 4060 1278; x_wconf 87' lang='lat'><em>-</em></span> 
     </span>
    </p>
   </div>
   <div class='ocr_carea' id='block_1_6' title="bbox 2437 1313 4038 3028">
    <p class='ocr_par' dir='ltr' id='par_1_6' title="bbox 2437 1313 4038 3028">
     <span class='ocr_line' id='line_1_33' title="bbox 2437 1313 3966 1402; baseline 0.003 -25"><span class='ocrx_word' id='word_1_194' title='bbox 2437 1313 2784 1377; x_wconf 86' lang='lat' dir='ltr'>tribunatu</span> <span class='ocrx_word' id='word_1_195' title='bbox 2847 1316 2901 1380; x_wconf 86' lang='lat'>1.</span> <span class='ocrx_word' id='word_1_196' title='bbox 2959 1329 3025 1379; x_wconf 92' lang='lat' dir='ltr'>et</span> <span class='ocrx_word' id='word_1_197' title='bbox 3076 1317 3156 1380; x_wconf 82' lang='lat'>11.</span> <span class='ocrx_word' id='word_1_198' title='bbox 3200 1363 3221 1394; x_wconf 89' lang='lat'>‚</span> <span class='ocrx_word' id='word_1_199' title='bbox 3287 1328 3360 1378; x_wconf 86' lang='lat' dir='ltr'>at</span> <span class='ocrx_word' id='word_1_200' title='bbox 3417 1317 3745 1402; x_wconf 83' lang='lat' dir='ltr'>plurimos</span> <span class='ocrx_word' id='word_1_201' title='bbox 3806 1337 3966 1381; x_wconf 85' lang='lat' dir='ltr'>cum</span> 
     </span>
     <span class='ocr_line' id='line_1_34' title="bbox 2440 1409 3966 1484; baseline 0.002 -12"><span class='ocrx_word' id='word_1_202' title='bbox 2440 1409 2784 1473; x_wconf 85' lang='lat' dir='ltr'>tribunatu</span> <span class='ocrx_word' id='word_1_203' title='bbox 2826 1412 2946 1484; x_wconf 85' lang='lat'>111,</span> <span class='ocrx_word' id='word_1_204' title='bbox 2982 1424 3047 1475; x_wconf 86' lang='lat' dir='ltr'>et</span> <span class='ocrx_word' id='word_1_205' title='bbox 3066 1413 3181 1475; x_wconf 89' lang='lat' dir='ltr'>IV.</span> <span class='ocrx_word' id='word_1_206' title='bbox 3221 1413 3398 1473; x_wconf 84' lang='lat' dir='ltr'>Tam</span> <span class='ocrx_word' id='word_1_207' title='bbox 3438 1415 3616 1475; x_wconf 87' lang='lat' dir='ltr'>enim</span> <span class='ocrx_word' id='word_1_208' title='bbox 3650 1416 3788 1478; x_wconf 85' lang='lat' dir='ltr'>rari</span> <span class='ocrx_word' id='word_1_209' title='bbox 3822 1413 3966 1477; x_wconf 83' lang='lat' dir='ltr'>sunt</span> 
     </span>
     <span class='ocr_line' id='line_1_35' title="bbox 2446 1507 3966 1593; baseline 0.003 -25"><span class='ocrx_word' id='word_1_210' title='bbox 2446 1507 2635 1569; x_wconf 88' lang='lat' dir='ltr'>numi</span> <span class='ocrx_word' id='word_1_211' title='bbox 2683 1507 3106 1571; x_wconf 85' lang='lat' dir='ltr'>Treboniani</span> <span class='ocrx_word' id='word_1_212' title='bbox 3170 1527 3326 1571; x_wconf 84' lang='lat' dir='ltr'>cum</span> <span class='ocrx_word' id='word_1_213' title='bbox 3389 1507 3732 1572; x_wconf 84' lang='lat' dir='ltr'>tribunatu</span> <span class='ocrx_word' id='word_1_214' title='bbox 3792 1511 3966 1593; x_wconf 63' lang='grc' dir='ltr'>ΠΙῚ</span> 
     </span>
     <span class='ocr_line' id='line_1_36' title="bbox 2450 1602 4038 1689; baseline 0.003 -25"><span class='ocrx_word' id='word_1_215' title='bbox 2450 1620 2653 1685; x_wconf 88' lang='lat' dir='ltr'>quam</span> <span class='ocrx_word' id='word_1_216' title='bbox 2709 1605 2848 1666; x_wconf 86' lang='lat' dir='ltr'>rari</span> <span class='ocrx_word' id='word_1_217' title='bbox 2901 1602 3046 1666; x_wconf 89' lang='lat' dir='ltr'>sunt</span> <span class='ocrx_word' id='word_1_218' title='bbox 3094 1604 3191 1675; x_wconf 88' lang='lat' dir='ltr'>illi</span> <span class='ocrx_word' id='word_1_219' title='bbox 3251 1623 3401 1666; x_wconf 92' lang='lat' dir='ltr'>cum</span> <span class='ocrx_word' id='word_1_220' title='bbox 3447 1604 3787 1668; x_wconf 85' lang='lat' dir='ltr'>tribunatu</span> <span class='ocrx_word' id='word_1_221' title='bbox 3823 1605 3965 1689; x_wconf 88' lang='lat'><strong>11.,</strong></span> <span class='ocrx_word' id='word_1_222' title='bbox 4031 1602 4038 1609; x_wconf 76' lang='grc'><strong><em>’</em></strong></span> 
     </span>
     <span class='ocr_line' id='line_1_37' title="bbox 2443 1695 3964 1765; baseline 0.004 -7"><span class='ocrx_word' id='word_1_223' title='bbox 2443 1695 2788 1761; x_wconf 73' lang='lat' dir='ltr'>Volusiani</span> <span class='ocrx_word' id='word_1_224' title='bbox 2831 1712 3056 1762; x_wconf 84' lang='lat' dir='ltr'>autem</span> <span class='ocrx_word' id='word_1_225' title='bbox 3097 1720 3373 1763; x_wconf 86' lang='lat' dir='ltr'>numum</span> <span class='ocrx_word' id='word_1_226' title='bbox 3424 1720 3575 1763; x_wconf 89' lang='lat' dir='ltr'>cum</span> <span class='ocrx_word' id='word_1_227' title='bbox 3616 1703 3964 1765; x_wconf 81' lang='lat' dir='ltr'>mentione</span> 
     </span>
     <span class='ocr_line' id='line_1_38' title="bbox 2440 1791 3964 1881; baseline 0.007 -27"><span class='ocrx_word' id='word_1_228' title='bbox 2440 1791 2825 1857; x_wconf 82' lang='lat' dir='ltr'>tribunatus</span> <span class='ocrx_word' id='word_1_229' title='bbox 2861 1794 2982 1858; x_wconf 89' lang='lat'>111.</span> <span class='ocrx_word' id='word_1_230' title='bbox 3019 1797 3319 1860; x_wconf 87' lang='lat' dir='ltr'>nondum</span> <span class='ocrx_word' id='word_1_231' title='bbox 3367 1796 3612 1881; x_wconf 83' lang='lat' dir='ltr'>reperi.</span> <span class='ocrx_word' id='word_1_232' title='bbox 3661 1798 3750 1862; x_wconf 84' lang='lat' dir='ltr'>At</span> <span class='ocrx_word' id='word_1_233' title='bbox 3777 1798 3847 1860; x_wconf 87' lang='lat' dir='ltr'>in</span> <span class='ocrx_word' id='word_1_234' title='bbox 3887 1818 3964 1865; x_wconf 85' lang='lat' dir='ltr'>u·</span> 
     </span>
     <span class='ocr_line' id='line_1_39' title="bbox 2440 1891 3965 1972; baseline 0.004 -21"><span class='ocrx_word' id='word_1_235' title='bbox 2440 1899 2683 1972; x_wconf 80' lang='lat' dir='ltr'>troque</span> <span class='ocrx_word' id='word_1_236' title='bbox 2736 1893 3010 1954; x_wconf 85' lang='lat' dir='ltr'>tandem</span> <span class='ocrx_word' id='word_1_237' title='bbox 3052 1891 3402 1955; x_wconf 85' lang='lat' dir='ltr'>abundant</span> <span class='ocrx_word' id='word_1_238' title='bbox 3428 1895 3613 1956; x_wconf 87' lang='lat' dir='ltr'>numi</span> <span class='ocrx_word' id='word_1_239' title='bbox 3655 1894 3965 1957; x_wconf 84' lang='lat' dir='ltr'>tribuna-</span> 
     </span>
     <span class='ocr_line' id='line_1_40' title="bbox 2442 1983 3962 2073; baseline 0.005 -27"><span class='ocrx_word' id='word_1_240' title='bbox 2442 1997 2549 2046; x_wconf 90' lang='lat' dir='ltr'>tus</span> <span class='ocrx_word' id='word_1_241' title='bbox 2583 1984 2699 2048; x_wconf 87' lang='lat' dir='ltr'>lv.</span> <span class='ocrx_word' id='word_1_242' title='bbox 2729 1983 2944 2050; x_wconf 83' lang='lat' dir='ltr'>tefles.</span> <span class='ocrx_word' id='word_1_243' title='bbox 2996 1988 3175 2073; x_wconf 89' lang='lat' dir='ltr'>Ergo</span> <span class='ocrx_word' id='word_1_244' title='bbox 3206 2009 3291 2050; x_wconf 84' lang='lat' dir='ltr'>ex</span> <span class='ocrx_word' id='word_1_245' title='bbox 3328 1989 3546 2051; x_wconf 84' lang='lat' dir='ltr'>numis</span> <span class='ocrx_word' id='word_1_246' title='bbox 3584 1990 3962 2053; x_wconf 81' lang='lat' dir='ltr'>evincinon</span> 
     </span>
     <span class='ocr_line' id='line_1_41' title="bbox 2443 2077 3959 2170; baseline 0.006 -29"><span class='ocrx_word' id='word_1_247' title='bbox 2443 2077 2686 2166; x_wconf 69' lang='grc' dir='ltr'>ροῑεεῐὶἰ</span> <span class='ocrx_word' id='word_1_248' title='bbox 2731 2083 2914 2165; x_wconf 88' lang='lat' dir='ltr'>quod</span> <span class='ocrx_word' id='word_1_249' title='bbox 2955 2081 3067 2146; x_wconf 83' lang='lat' dir='ltr'>fibi</span> <span class='ocrx_word' id='word_1_250' title='bbox 3095 2102 3330 2146; x_wconf 88' lang='lat' dir='ltr'>eorum</span> <span class='ocrx_word' id='word_1_251' title='bbox 3369 2105 3499 2168; x_wconf 89' lang='lat' dir='ltr'>ope</span> <span class='ocrx_word' id='word_1_252' title='bbox 3528 2085 3959 2170; x_wconf 85' lang='lat' dir='ltr'>probandum</span> 
     </span>
     <span class='ocr_line' id='line_1_42' title="bbox 2442 2175 3961 2262; baseline 0.005 -24"><span class='ocrx_word' id='word_1_253' title='bbox 2442 2175 2833 2262; x_wconf 81' lang='lat' dir='ltr'>sumpserat.</span> <span class='ocrx_word' id='word_1_254' title='bbox 2884 2178 3219 2261; x_wconf 88' lang='lat' dir='ltr'>Equidem</span> <span class='ocrx_word' id='word_1_255' title='bbox 3255 2180 3322 2243; x_wconf 80' lang='lat' dir='ltr'>in</span> <span class='ocrx_word' id='word_1_256' title='bbox 3371 2180 3649 2245; x_wconf 80' lang='lat' dir='ltr'>exclufis</span> <span class='ocrx_word' id='word_1_257' title='bbox 3687 2201 3775 2245; x_wconf 82' lang='lat' dir='ltr'>ex</span> <span class='ocrx_word' id='word_1_258' title='bbox 3811 2203 3961 2246; x_wconf 88' lang='lat' dir='ltr'>mo-</span> 
     </span>
     <span class='ocr_line' id='line_1_43' title="bbox 2444 2272 3956 2359; baseline 0.005 -26"><span class='ocrx_word' id='word_1_259' title='bbox 2444 2283 2604 2335; x_wconf 90' lang='lat' dir='ltr'>neta</span> <span class='ocrx_word' id='word_1_260' title='bbox 2622 2272 2834 2337; x_wconf 84' lang='lat' dir='ltr'>tribus</span> <span class='ocrx_word' id='word_1_261' title='bbox 2856 2276 3092 2359; x_wconf 88' lang='lat' dir='ltr'>primis</span> <span class='ocrx_word' id='word_1_262' title='bbox 3126 2274 3610 2353; x_wconf 88' lang='lat' dir='ltr'>tribunatibus,</span> <span class='ocrx_word' id='word_1_263' title='bbox 3663 2291 3783 2341; x_wconf 91' lang='lat' dir='ltr'>aut</span> <span class='ocrx_word' id='word_1_264' title='bbox 3809 2297 3956 2341; x_wconf 81' lang='lat' dir='ltr'>cet-</span> 
     </span>
     <span class='ocr_line' id='line_1_44' title="bbox 2443 2370 3957 2454; baseline -0.001 -21"><span class='ocrx_word' id='word_1_265' title='bbox 2443 2382 2511 2433; x_wconf 87' lang='lat' dir='ltr'>te</span> <span class='ocrx_word' id='word_1_266' title='bbox 2564 2370 2835 2454; x_wconf 84' lang='lat' dir='ltr'>parcius</span> <span class='ocrx_word' id='word_1_267' title='bbox 2878 2370 3201 2435; x_wconf 87' lang='lat' dir='ltr'>adhibitis</span> <span class='ocrx_word' id='word_1_268' title='bbox 3242 2373 3412 2436; x_wconf 83' lang='lat' dir='ltr'>nihil</span> <span class='ocrx_word' id='word_1_269' title='bbox 3457 2373 3655 2450; x_wconf 59' lang='lat' dir='ltr'>inette</span> <span class='ocrx_word' id='word_1_270' title='bbox 3709 2392 3957 2438; x_wconf 87' lang='lat' dir='ltr'>recon..</span> 
     </span>
     <span class='ocr_line' id='line_1_45' title="bbox 2439 2464 3959 2546; baseline 0.004 -18"><span class='ocrx_word' id='word_1_271' title='bbox 2439 2464 2656 2529; x_wconf 88' lang='lat' dir='ltr'>ditum</span> <span class='ocrx_word' id='word_1_272' title='bbox 2696 2464 3023 2532; x_wconf 81' lang='lat' dir='ltr'>existimo.</span> <span class='ocrx_word' id='word_1_273' title='bbox 3080 2466 3355 2531; x_wconf 87' lang='lat' dir='ltr'>Certum</span> <span class='ocrx_word' id='word_1_274' title='bbox 3391 2466 3503 2546; x_wconf 84' lang='lat' dir='ltr'>est,</span> <span class='ocrx_word' id='word_1_275' title='bbox 3558 2487 3677 2532; x_wconf 91' lang='lat' dir='ltr'>eos</span> <span class='ocrx_word' id='word_1_276' title='bbox 3711 2469 3780 2531; x_wconf 88' lang='lat' dir='ltr'>in</span> <span class='ocrx_word' id='word_1_277' title='bbox 3818 2470 3959 2534; x_wconf 88' lang='lat' dir='ltr'>De-</span> 
     </span>
     <span class='ocr_line' id='line_1_46' title="bbox 2438 2560 3955 2648; baseline 0.005 -26"><span class='ocrx_word' id='word_1_278' title='bbox 2438 2560 2526 2622; x_wconf 92' lang='lat' dir='ltr'>cii</span> <span class='ocrx_word' id='word_1_279' title='bbox 2568 2561 2788 2623; x_wconf 87' lang='lat' dir='ltr'>numis</span> <span class='ocrx_word' id='word_1_280' title='bbox 2827 2582 2911 2624; x_wconf 85' lang='lat' dir='ltr'>ex</span> <span class='ocrx_word' id='word_1_281' title='bbox 2944 2582 3344 2648; x_wconf 88' lang='lat' dir='ltr'>quacunque</span> <span class='ocrx_word' id='word_1_282' title='bbox 3380 2565 3580 2629; x_wconf 81' lang='lat' dir='ltr'>causa</span> <span class='ocrx_word' id='word_1_283' title='bbox 3623 2583 3762 2629; x_wconf 89' lang='lat' dir='ltr'>non</span> <span class='ocrx_word' id='word_1_284' title='bbox 3815 2587 3955 2629; x_wconf 86' lang='lat' dir='ltr'>me·</span> 
     </span>
     <span class='ocr_line' id='line_1_47' title="bbox 2439 2655 3957 2747; baseline 0.007 -30"><span class='ocrx_word' id='word_1_285' title='bbox 2439 2655 2718 2720; x_wconf 86' lang='lat' dir='ltr'>morari.</span> <span class='ocrx_word' id='word_1_286' title='bbox 2767 2659 3142 2723; x_wconf 64' lang='lat' dir='ltr'>Verisimile</span> <span class='ocrx_word' id='word_1_287' title='bbox 3173 2661 3458 2741; x_wconf 86' lang='lat' dir='ltr'>deinde,</span> <span class='ocrx_word' id='word_1_288' title='bbox 3538 2663 3957 2747; x_wconf 71' lang='lat' dir='ltr'>monetarios</span> 
     </span>
     <span class='ocr_line' id='line_1_48' title="bbox 2438 2750 3961 2835; baseline 0.007 -25"><span class='ocrx_word' id='word_1_289' title='bbox 2438 2750 2650 2835; x_wconf 80' lang='lat' dir='ltr'>priori</span> <span class='ocrx_word' id='word_1_290' title='bbox 2728 2752 3192 2819; x_wconf 79' lang='lat' dir='ltr'>consuetudini</span> <span class='ocrx_word' id='word_1_291' title='bbox 3275 2756 3642 2825; x_wconf 80' lang='lat' dir='ltr'>servientes</span> <span class='ocrx_word' id='word_1_292' title='bbox 3721 2777 3961 2821; x_wconf 72' lang='lat' dir='ltr'>eorum</span> 
     </span>
     <span class='ocr_line' id='line_1_49' title="bbox 2437 2842 3956 2936; baseline 0.006 -28"><span class='ocrx_word' id='word_1_293' title='bbox 2437 2847 2850 2911; x_wconf 81' lang='lat' dir='ltr'>mentionem</span> <span class='ocrx_word' id='word_1_294' title='bbox 2882 2842 3235 2936; x_wconf 80' lang='lat' dir='ltr'>principio</span> <span class='ocrx_word' id='word_1_295' title='bbox 3255 2853 3558 2934; x_wconf 79' lang='lat' dir='ltr'>omilifl&#39;e,</span> <span class='ocrx_word' id='word_1_296' title='bbox 3612 2853 3817 2920; x_wconf 76' lang='lat' dir='ltr'>serius</span> <span class='ocrx_word' id='word_1_297' title='bbox 3840 2854 3956 2918; x_wconf 79' lang='lat' dir='ltr'>feu</span> 
     </span>
     <span class='ocr_line' id='line_1_50' title="bbox 2441 2942 3480 3028; baseline 0.011 -23"><span class='ocrx_word' id='word_1_298' title='bbox 2441 2942 2618 3007; x_wconf 84' lang='lat' dir='ltr'>ultro</span> <span class='ocrx_word' id='word_1_299' title='bbox 2645 2989 2674 3024; x_wconf 61' lang='lat'>2</span> <span class='ocrx_word' id='word_1_300' title='bbox 2717 2943 2828 3008; x_wconf 82' lang='lat' dir='ltr'>seu</span> <span class='ocrx_word' id='word_1_301' title='bbox 2875 2946 3076 3028; x_wconf 78' lang='lat' dir='ltr'>juss&#39;o&#39;s</span> <span class='ocrx_word' id='word_1_302' title='bbox 3108 2951 3480 3017; x_wconf 68' lang='lat' dir='ltr'>revocass&#39;e.</span> 
     </span>
    </p>
   </div>
   <div class='ocr_carea' id='block_1_7' title="bbox 830 3231 3790 4089">
    <p class='ocr_par' dir='ltr' id='par_1_7' title="bbox 830 3231 3790 4089">
     <span class='ocr_line' id='line_1_51' title="bbox 2116 3231 2671 3302; baseline 0.004 -2"><span class='ocrx_word' id='word_1_303' title='bbox 2116 3231 2255 3300; x_wconf 75' lang='lat' dir='ltr'>PR</span> <span class='ocrx_word' id='word_1_304' title='bbox 2270 3235 2337 3299; x_wconf 86' lang='lat' dir='ltr'><em>E</em></span> <span class='ocrx_word' id='word_1_305' title='bbox 2354 3233 2471 3300; x_wconf 85' lang='lat' dir='ltr'>TI</span> <span class='ocrx_word' id='word_1_306' title='bbox 2487 3231 2564 3301; x_wconf 83' lang='lat' dir='ltr'><em>V</em></span> <span class='ocrx_word' id='word_1_307' title='bbox 2567 3232 2671 3302; x_wconf 75' lang='lat' dir='ltr'>M.</span> 
     </span>
     <span class='ocr_line' id='line_1_52' title="bbox 830 3334 1488 3419; baseline -0.02 -7"><span class='ocrx_word' id='word_1_308' title='bbox 830 3340 1169 3419; x_wconf 60' lang='lat' dir='ltr'>Caumatis</span> <span class='ocrx_word' id='word_1_309' title='bbox 1220 3334 1488 3404; x_wconf 66' lang='lat' dir='ltr'>Romam</span> 
     </span>
     <span class='ocr_line' id='line_1_53' title="bbox 1016 3434 3790 3504; baseline -0.016 1"><span class='ocrx_word' id='word_1_310' title='bbox 1016 3443 1235 3504; x_wconf 74' lang='lat' dir='ltr'>Aurel</span> <span class='ocrx_word' id='word_1_311' title='bbox 3565 3434 3790 3501; x_wconf 38' lang='grc' dir='ltr'>ΗΚΒ,</span> 
     </span>
     <span class='ocr_line' id='line_1_54' title="bbox 1020 3529 3642 3618; baseline -0.015 -20"><span class='ocrx_word' id='word_1_312' title='bbox 1020 3529 1345 3618; x_wconf 81' lang='lat' dir='ltr'>Argentei</span> <span class='ocrx_word' id='word_1_313' title='bbox 2446 3561 2477 3577; x_wconf 82' lang='lat'>-</span> <span class='ocrx_word' id='word_1_314' title='bbox 2666 3563 2700 3582; x_wconf 82' lang='grc'><em>,</em></span> <span class='ocrx_word' id='word_1_315' title='bbox 3558 3530 3642 3598; x_wconf 60' lang='grc' dir='ltr'><em>α</em></span> 
     </span>
     <span class='ocr_line' id='line_1_55' title="bbox 1023 3619 3769 3695; baseline -0.016 -1"><span class='ocrx_word' id='word_1_316' title='bbox 1023 3629 1243 3694; x_wconf 77' lang='lat' dir='ltr'>Aenei</span> <span class='ocrx_word' id='word_1_317' title='bbox 1295 3644 1480 3689; x_wconf 80' lang='lat' dir='ltr'>max.</span> <span class='ocrx_word' id='word_1_318' title='bbox 1524 3619 1798 3686; x_wconf 82' lang='lat' dir='ltr'>formae</span> <span class='ocrx_word' id='word_1_319' title='bbox 1988 3657 2025 3676; x_wconf 85' lang='lat'>-</span> <span class='ocrx_word' id='word_1_320' title='bbox 3550 3627 3769 3695; x_wconf 70' lang='lat' dir='ltr'>mut.-</span> 
     </span>
     <span class='ocr_line' id='line_1_56' title="bbox 1021 3715 3623 3788; baseline -0.013 0"><span class='ocrx_word' id='word_1_321' title='bbox 1021 3724 1241 3788; x_wconf 74' lang='lat' dir='ltr'>Aenei</span> <span class='ocrx_word' id='word_1_322' title='bbox 1292 3720 1344 3783; x_wconf 92' lang='lat'>1.</span> <span class='ocrx_word' id='word_1_323' title='bbox 1397 3730 1465 3782; x_wconf 90' lang='lat' dir='ltr'>et</span> <span class='ocrx_word' id='word_1_324' title='bbox 1515 3718 1601 3782; x_wconf 88' lang='lat'>11.</span> <span class='ocrx_word' id='word_1_325' title='bbox 1652 3715 1922 3780; x_wconf 84' lang='lat' dir='ltr'>formae</span> <span class='ocrx_word' id='word_1_326' title='bbox 3545 3721 3623 3788; x_wconf 50' lang='lat' dir='ltr'>c·</span> 
     </span>
     <span class='ocr_line' id='line_1_57' title="bbox 1021 3813 3636 3885; baseline -0.013 -3"><span class='ocrx_word' id='word_1_327' title='bbox 1021 3820 1236 3882; x_wconf 75' lang='lat' dir='ltr'>Aenei</span> <span class='ocrx_word' id='word_1_328' title='bbox 1288 3814 1412 3879; x_wconf 89' lang='lat'>111.</span> <span class='ocrx_word' id='word_1_329' title='bbox 1464 3813 1732 3877; x_wconf 82' lang='lat' dir='ltr'>formae</span> <span class='ocrx_word' id='word_1_330' title='bbox 1981 3852 2009 3866; x_wconf 86' lang='lat'>-</span> <span class='ocrx_word' id='word_1_331' title='bbox 2223 3849 2254 3865; x_wconf 80' lang='lat'>-</span> <span class='ocrx_word' id='word_1_332' title='bbox 3548 3819 3636 3885; x_wconf 64' lang='lat' dir='ltr'>Q</span> 
     </span>
     <span class='ocr_line' id='line_1_58' title="bbox 837 3911 1889 3998; baseline -0.017 -12"><span class='ocrx_word' id='word_1_333' title='bbox 837 3916 1175 3986; x_wconf 68' lang='lat' dir='ltr'>ematis</span> <span class='ocrx_word' id='word_1_334' title='bbox 1211 3911 1540 3998; x_wconf 73' lang='lat' dir='ltr'>peregrini</span> <span class='ocrx_word' id='word_1_335' title='bbox 1557 3933 1582 3973; x_wconf 85' lang='lat'>.-</span> <span class='ocrx_word' id='word_1_336' title='bbox 1880 3930 1889 3936; x_wconf 84' lang='grc'><em>·</em></span> 
     </span>
     <span class='ocr_line' id='line_1_59' title="bbox 1024 4003 3646 4089; baseline -0.004 -14"><span class='ocrx_word' id='word_1_337' title='bbox 1024 4010 1315 4077; x_wconf 73' lang='lat' dir='ltr'>Vrbimn</span> <span class='ocrx_word' id='word_1_338' title='bbox 1349 4004 1718 4069; x_wconf 71' lang='lat' dir='ltr'>liberarum</span> <span class='ocrx_word' id='word_1_339' title='bbox 1739 4048 1762 4082; x_wconf 87' lang='lat'>‚</span> <span class='ocrx_word' id='word_1_340' title='bbox 1812 4003 2236 4071; x_wconf 84' lang='lat' dir='ltr'>coloniarum</span> <span class='ocrx_word' id='word_1_341' title='bbox 2259 4054 2282 4089; x_wconf 87' lang='lat'>,</span> <span class='ocrx_word' id='word_1_342' title='bbox 2335 4019 2404 4072; x_wconf 85' lang='lat' dir='ltr'>et</span> <span class='ocrx_word' id='word_1_343' title='bbox 2440 4008 2876 4076; x_wconf 75' lang='lat' dir='ltr'>Alexandri-ni</span> <span class='ocrx_word' id='word_1_344' title='bbox 3560 4011 3646 4077; x_wconf 73' lang='lat' dir='ltr'>R,</span> 
     </span>
    </p>
   </div>
   <div class='ocr_carea' id='block_1_8' title="bbox 1954 4258 2818 4366">
    <p class='ocr_par' dir='ltr' id='par_1_8' title="bbox 1954 4258 2818 4366">
     <span class='ocr_line' id='line_1_60' title="bbox 1954 4258 2818 4366; baseline 0.008 -7"><span class='ocrx_word' id='word_1_345' title='bbox 1954 4258 1961 4264; x_wconf 75' lang='grc'><strong><em>’</em></strong></span> <span class='ocrx_word' id='word_1_346' title='bbox 2021 4293 2818 4366; x_wconf 79' lang='lat' dir='ltr'><em>VOLVSJANVS.</em></span> 
     </span>
    </p>
   </div>
   <div class='ocr_carea' id='block_1_9' title="bbox 925 4485 2353 4567">
    <p class='ocr_par' dir='ltr' id='par_1_9' title="bbox 925 4485 2353 4567">
     <span class='ocr_line' id='line_1_61' title="bbox 925 4485 2353 4567; baseline -0.005 -8"><span class='ocrx_word' id='word_1_347' title='bbox 925 4491 1151 4558; x_wconf 80' lang='lat' dir='ltr'>Patris</span> <span class='ocrx_word' id='word_1_348' title='bbox 1207 4489 1273 4553; x_wconf 91' lang='lat' dir='ltr'>T</span> <span class='ocrx_word' id='word_1_349' title='bbox 1278 4485 1631 4553; x_wconf 81' lang='lat' dir='ltr'>reboniani</span> <span class='ocrx_word' id='word_1_350' title='bbox 1667 4497 1809 4552; x_wconf 85' lang='lat' dir='ltr'>tam</span> <span class='ocrx_word' id='word_1_351' title='bbox 1861 4485 1932 4552; x_wconf 86' lang='lat' dir='ltr'>in</span> <span class='ocrx_word' id='word_1_352' title='bbox 1996 4486 2299 4556; x_wconf 85' lang='lat' dir='ltr'>secundis</span> <span class='ocrx_word' id='word_1_353' title='bbox 2333 4536 2353 4567; x_wconf 90' lang='lat'>,</span> 
     </span>
    </p>
   </div>
   <div class='ocr_carea' id='block_1_10' title="bbox 2439 4470 3984 4593">
    <p class='ocr_par' dir='ltr' id='par_1_10' title="bbox 2439 4470 3984 4593">
     <span class='ocr_line' id='line_1_62' title="bbox 2439 4470 3984 4593; baseline 0.016 -40"><span class='ocrx_word' id='word_1_354' title='bbox 2439 4509 2552 4553; x_wconf 88' lang='lat' dir='ltr'>um</span> <span class='ocrx_word' id='word_1_355' title='bbox 2601 4505 2841 4559; x_wconf 84' lang='lat' dir='ltr'>evecto</span> <span class='ocrx_word' id='word_1_356' title='bbox 2878 4516 2966 4562; x_wconf 79' lang='lat' dir='ltr'>ex</span> <span class='ocrx_word' id='word_1_357' title='bbox 3001 4519 3191 4565; x_wconf 87' lang='lat' dir='ltr'>more</span> <span class='ocrx_word' id='word_1_358' title='bbox 3231 4501 3374 4589; x_wconf 78' lang='lat' dir='ltr'>ipse</span> <span class='ocrx_word' id='word_1_359' title='bbox 3401 4470 3629 4570; x_wconf 33' lang='lat' dir='ltr'>‘dictus</span> <span class='ocrx_word' id='word_1_360' title='bbox 3686 4503 3984 4593; x_wconf 69' lang='lat' dir='ltr'>Caesar,</span> 
     </span>
    </p>
   </div>
   <div class='ocr_carea' id='block_1_11' title="bbox 827 4584 3217 4684">
    <p class='ocr_par' dir='ltr' id='par_1_11' title="bbox 827 4584 3217 4684">
     <span class='ocr_line' id='line_1_63' title="bbox 827 4584 3217 4684; baseline 0.001 -27"><span class='ocrx_word' id='word_1_361' title='bbox 827 4613 1041 4681; x_wconf 82' lang='lat' dir='ltr'>quam</span> <span class='ocrx_word' id='word_1_362' title='bbox 1072 4584 1371 4656; x_wconf 74' lang='lat' dir='ltr'>adverfis</span> <span class='ocrx_word' id='word_1_363' title='bbox 1411 4604 1640 4652; x_wconf 84' lang='lat' dir='ltr'>comes</span> <span class='ocrx_word' id='word_1_364' title='bbox 1686 4596 1885 4677; x_wconf 79' lang='lat' dir='ltr'>patre</span> <span class='ocrx_word' id='word_1_365' title='bbox 1930 4584 2024 4650; x_wconf 89' lang='lat' dir='ltr'>ad</span> <span class='ocrx_word' id='word_1_366' title='bbox 2068 4585 2353 4672; x_wconf 81' lang='lat' dir='ltr'>imperi-</span> <span class='ocrx_word' id='word_1_367' title='bbox 2434 4598 2502 4651; x_wconf 90' lang='lat' dir='ltr'>et</span> <span class='ocrx_word' id='word_1_368' title='bbox 2542 4589 2770 4655; x_wconf 81' lang='lat' dir='ltr'>consul</span> <span class='ocrx_word' id='word_1_369' title='bbox 2806 4593 3217 4684; x_wconf 69' lang='lat' dir='ltr'>deflgnatus,</span> 
     </span>
    </p>
   </div>
   <div class='ocr_carea' id='block_1_12' title="bbox 4224 4596 4227 5419">
    <p class='ocr_par' dir='ltr' id='par_1_12' title="bbox 4224 4596 4227 5419">
     <span class='ocr_line' id='line_1_64' title="bbox 4224 4596 4227 5419; baseline 0 0"><span class='ocrx_word' id='word_1_370' title='bbox 4224 4596 4227 5419; x_wconf 95' lang='lat' dir='ltr'> </span> 
     </span>
    </p>
   </div>
  </div>
 </body>
</html>
