4242 5459
1253 571 2050 651 ANTONINVS
2151 573 2470 649 P1vs.
3331 606 3414 668 15

254 777 606 841 donativa
645 784 1210 850 commemorat,
1236 786 1300 837 et
1336 776 1503 855 vini,
1554 773 1693 858 olei,
1739 783 1799 840 et
1871 783 1977 839 tor
2000 782 2263 860 togatus
2279 775 2462 860 flans
2497 770 2818 839 dexteram
2848 792 2981 839 cum
3026 774 3392 860 Quadorum

252 875 464 938 tritici
502 875 831 957 penuriam
861 892 978 955 ptr
1029 872 1273 934 aerarii
1301 873 1408 960 sui
1454 870 1683 939 damna
1736 892 1792 936 e·
1875 889 2024 956 rege
2041 873 2287 956 jumgit.
2345 871 2485 934 AE.
2529 875 2576 933 1.
2629 869 2835 955 (Mus.
2878 867 3103 953 Caes.)

248 968 520 1046 mendo‘,
574 979 633 1032 et
677 971 900 1053 gratis
949 963 1182 1052 populo
1235 967 1447 1033 dando
1479 967 1815 1058 fidavff·,
1971 969 2189 1029 Fuere
2240 967 2466 1049 Quadi
2520 965 2809 1050 populus
2849 979 3034 1032 trans
3092 970 3393 1035 Danubi·

250 1067 397 1129 Sed
450 1065 627 1126 haec
675 1065 1089 1149 generatim,
1156 1064 1339 1134 nulla
1380 1063 1565 1127 facta
1612 1078 1786 1127 tem·
1873 1084 2033 1137 um,
2086 1083 2224 1148 qua
2263 1064 2319 1126 is
2371 1062 2696 1126 Austriam
2748 1063 3134 1128 inferiorem
3174 1066 3393 1147 secat,

250 1162 453 1248 poris
501 1161 890 1238 mentione,
939 1156 1174 1223 refert.
1249 1153 1502 1224 Harum
1559 1171 1789 1224 tamen
1875 1161 1944 1224 in
1990 1160 2409 1236 Moraviam,
2463 1172 2531 1223 et
2561 1161 2775 1243 magis
2813 1162 2878 1223 in
2904 1161 3258 1227 Orientem
3296 1166 3390 1227 ul'·

248 1257 753 1320 liberalitatum
782 1302 803 1333 ,
856 1276 1027 1341 quas
1073 1256 1353 1320 adducti
1408 1258 1591 1320 numi
1651 1258 1788 1320 col·
1873 1274 2006 1340 que
2042 1258 2136 1319 ad
2174 1255 2414 1319 Cusum
2458 1254 2748 1331 numen,
2813 1258 3022 1321 hodie
3083 1262 3388 1346 Vagam,

248 1353 598 1428 laudant,
653 1352 833 1416 haud
872 1351 1077 1414 dubie
1115 1372 1249 1415 una
1282 1354 1549 1418 videtur
1571 1351 1785 1430 fuiss'e,
1866 1365 2263 1437 porrectuS,
2316 1353 2423 1417 cui
2469 1353 2701 1414 datum
2751 1353 2839 1417 ab
2890 1358 3231 1418 Antonino
3283 1379 3383 1422 re*-
3445 1427 3456 1442 ,

250 1452 339 1512 de
390 1469 535 1531 qua
580 1445 1046 1535 Capitolinus:
1116 1452 1377 1532 nuptias
1412 1451 1590 1534 filiae
1631 1449 1788 1535 suae
1869 1471 2018 1534 gem
2054 1448 2624 1513 dissimulantibus
2661 1448 2902 1513 illustre
2936 1449 3099 1513 istud
3129 1449 3389 1518 factum

250 1548 589 1632 Fatfiinae
628 1546 805 1631 zy’que
843 1543 931 1609 ad
960 1543 1327 1609 donativum
1362 1546 1786 1611 militamt-ele·
1870 1544 2200 1608 historicis
2261 1546 2575 1608 omnibus
2646 1546 2832 1609 numi
2907 1550 3380 1632 pronunciant.

246 1641 571 1706 bern-imas
602 1640 784 1726 fecit.

1002 1738 1034 1769 G

1186 1787 1213 1820 1

732 1783 741 1792 ”
822 1790 851 1820 8

567 1833 662 1897 Vt
696 1833 789 1897 lit.
825 1834 915 1900 A.

246 1932 432 1994 01²1.
474 1928 685 1993 AVG.
748 1931 989 2000 Mulier
1019 1930 1237 2019 [σάθης
1286 1931 1348 1997 d.
1401 1931 1665 2009 haftam,
1733 1931 1779 2004 s.

244 2029 449 2112 capiti
488 2027 765 2091 admota.
818 2029 962 2091 AR.
1014 2028 1149 2092 AE.
1201 2033 1250 2092 1.
1313 2028 1517 2112 (Mus.
1556 2027 1777 2103 Caelssj·

348 2125 513 2207 Opis
554 2124 623 2185 in
670 2122 805 2185 hoc·
858 2144 1063 2187 numo
1096 2125 1418 2187 laudatae
1469 2139 1777 2186 naturam

245 2217 754 2305 explicabimus
799 2221 868 2308 in
916 2232 1192 2283 moneta
1237 2221 1632 2283 Pertinacis.

1002 2317 1029 2348 ᾳ

458 2407 469 2416 “
559 2410 654 2475 Vt
687 2410 775 2474 tit.
824 2366 907 2477 Ἄ.

238 2508 453 2571 REX.
493 2507 1312 2574 ARMENHS.1)ATVS.
1348 2506 1412 2573 S.
1439 2506 1516 2570 C.
1573 2509 1780 2592 Impe-
1898 2503 1907 2514 ’

234 2616 434 2667 rator
465 2612 730 2686 togatus
765 2606 945 2691 stans
1000 2607 1302 2673 Armenio
1343 2607 1486 2689 regi
1538 2609 1777 2670 tiaram

237 2701 537 2784 imponit.
597 2699 739 2762 ΑΕ.
782 2703 827 2763 1.
867 2702 1071 2786 (Mus.
1110 2700 1324 2777 Caes.)

348 2795 581 2877 Quam
620 2794 865 2857 acriter
928 2798 1123 2882 saepe
1167 2798 1521 2859 Romanos
1581 2799 1771 2874 inter,

236 2890 679 2972 Parthosque
722 2892 1118 2956 dimicatum
1154 2890 1267 2967 fit,
1321 2892 1409 2955 ab
1453 2895 1615 2955 utris
1654 2895 1769 2955 Ar·

236 2986 666 3059 meniijnter
698 2998 1137 3074 utrorumque
1188 2989 1513 3051 ditionem
1562 2991 1767 3053 medii

234 3102 439 3167 reges
480 3082 890 3165 acciperent,
944 3085 1100 3148 satis
1128 3084 1452 3147 hactenus
1490 3106 1610 3168 per
1649 3088 1770 3147 im·

229 3192 637 3257 peratorum
675 3176 1015 3244 historiam
1052 3179 1371 3243 vidimus,
1430 3179 1529 3243 Ex
1567 3188 1769 3243 Anto-

232 3275 381 3336 nini
419 3272 626 3335 rebus
666 3272 858 3358 gestis
901 3275 1029 3348 huc
1072 3273 1413 3361 pertinens
1459 3276 1624 3340 nihil
1672 3290 1765 3340 te-

228 3370 485 3455 perio,
539 3367 653 3431 niti
706 3373 891 3453 quod
952 3372 1239 3435 tradidit
1302 3371 1763 3457 Capitolinust

226 3465 643 3531 Parthorum
672 3485 875 3549 regem
931 3467 1013 3534 ab
1063 3468 1506 3533 Armeniorum
1574 3490 1765 3552 expu-

223 3548 721 3647 guntionessolis
749 3564 950 3629 literis
986 3564 1237 3649 repulit,
1296 3578 1500 3647 atque
1528 3564 1636 3626 etsi
1665 3586 1761 3627 re·

226 3659 427 3743 liqna
462 3659 699 3720 omnia
737 3659 1159 3745 ignoremuS,
1226 3659 1488 3724 faciunt
1533 3673 1762 3722 tamen

232 3757 469 3830 numi,
528 3766 600 3817 ut
636 3756 852 3819 minus
889 3758 1293 3842 ignoremus.
1344 3755 1561 3818 Fuiss'e
1589 3756 1762 3819 hunc

224 3852 608 3913 Armeniae
661 3870 885 3936 regem
935 3852 1025 3916 ab
1066 3853 1404 3916 Antonino
1453 3849 1758 3915 constitu·

218 3958 369 4008 tum
426 3949 702 4009 nomine
798 3948 1412 4030 Achaemenidem,
1518 3968 1757 4033 parum

216 4043 563 4104 concinne
625 4063 709 4104 ex
763 4044 1142 4106 Iamblicho
1191 4046 1373 4128 apud
1435 4044 1756 4108 Photium

214 4136 487 4202 Codice
539 4151 658 4220 94.
695 4142 866 4202 eruit
901 4140 1329 4226 V-aillantius.
1383 4146 1438 4220 ³)
1530 4132 1536 4136 ¹

918 4239 923 4244 '
981 4239 1017 4277 ss

527 4330 621 4394 Vt
668 4329 762 4394 tit.
800 4286 892 4396 34.

1166 4288 1194 4319 ὕ

1872 1640 2024 1718 Ejus
2068 1640 2284 1724 gentis
2321 1640 2594 1705 historia
2627 1643 2842 1727 magis
2877 1642 2994 1705 sub
3014 1644 3238 1708 Marci
3263 1648 3379 1709 im·

1870 1736 2060 1820 perio
2095 1737 2406 1820 cognita,
2460 1758 2541 1801 ac
2565 1735 2742 1804 forte
2776 1739 2972 1802 datus
3003 1737 3112 1801 hic
3144 1740 3233 1803 ab
3259 1743 3380 1805 im·

1865 1846 2182 1916 peratore
2225 1854 2340 1896 rex
2380 1835 2555 1896 idem
2611 1832 2700 1898 est
2739 1854 2888 1897 cum
2920 1834 3081 1910 illo,
3136 1837 3219 1901 de
3244 1857 3379 1921 quo

1869 1927 2165 2011 loquitur
2240 1928 2668 2015 Capitolinus
2747 1931 2817 1993 in
2896 1931 3041 1994 vita
3112 1931 3376 1999 Marci:

1868 2025 2078 2109 Quadi
2140 2036 2374 2089 autem·
2401 2025 2604 2115 mmffo
2667 2048 2813 2112 rege
2842 2029 2961 2114 suo
3026 2047 3154 2092 non
3193 2034 3381 2114 prius

1858 2125 2332 2191 confirmaturos
2368 2146 2498 2185 eum
2520 2170 2537 2196 ,
2591 2127 2697 2207 qui
2732 2134 2873 2189 erat
2903 2133 3171 2201 creatus,
3222 2125 3377 2191 dice-

1859 2220 2009 2280 baut
2034 2266 2049 2292 ,
2103 2239 2288 2302 quam
2311 2222 2366 2304 fi
2418 2221 2638 2303 nostris
2686 2218 2991 2308 placutffet
3047 2222 3378 2304 imperato·

1852 2315 2055 2376 ribus.

2413 2459 2442 2490 t
2765 2459 2797 2495 1

2156 2506 2247 2572 Vt
2288 2506 2379 2568 lit.
2437 2505 2527 2569 A.

1853 2602 2270 2666 ROMVLO.
2314 2602 2763 2667 AVGVSTO.
2807 2603 2873 2665 S.
2928 2601 3001 2666 C.
3069 2606 3372 2673 Romulus

1846 2698 2065 2765 habitu
2112 2698 2377 2764 militari
2433 2699 2742 2784 gradiens
2789 2701 2850 2766 d.
2912 2698 3140 2794 hastam
3164 2749 3183 2780 ,
3239 2706 3367 2788 five

1846 2808 2175 2880 tropaeum
2228 2796 2419 2883 stepen·
2485 2791 2755 2862 humero.
2833 2797 2972 2864 AE.
3036 2800 3086 2863 1.
3152 2800 3361 2887 (Mus.

1844 2894 2123 2956 Fames,
2171 2888 2577 2976 Theupoli.)

1940 2990 2042 3051 En
2077 2988 2446 3051 Romulum
2501 3009 2582 3051 eo
2623 2989 2844 3068 cultu,
2913 3012 3047 3076 quo
3078 3039 3093 3067 ,
3165 2993 3360 3056 caeso

1845 3089 1911 3150 in
1934 3077 2442 3170 pugna'Acrone
2478 3082 2984 3150 Cenninenfium
3009 3108 3185 3170 rege,
3243 3089 3354 3152 de-

1844 3194 2066 3245 tracta
2106 3179 2263 3241 huic
2303 3178 2513 3264 spolia
2536 3180 2679 3243 Iovi
2707 3181 3010 3246 Feretrio
3048 3184 3357 3248 oblatum

1811 3278 2006 3341 ·ibat.
2062 3274 2305 3339 Lectus
2346 3278 2616 3340 videtur
2657 3275 2769 3341 hic
2818 3290 3357 3365 typus.propter

1840 3373 2236 3457 singularem
2285 3374 2606 3436 Antonini
2637 3371 3022 3462 adfectum,
3076 3395 3211 3457 quo
3244 3396 3357 3438 ve·
3415 3401 3422 3406 ·

1840 3481 2052 3534 terem
2092 3468 2278 3531 urbis
2310 3465 2676 3547 historiam,
2730 3481 2795 3530 et
2827 3470 3144 3554 prodigia
3171 3488 3352 3533 com·

1838 3566 2081 3652 plexus
2119 3562 2244 3638 est,
2296 3574 2369 3624 ut
2419 3563 2634 3644 magis
2679 3558 2859 3625 infra
2910 3583 2997 3625 ex
3046 3563 3352 3648 [iugulari
3405 3564 3413 3570 ’

1840 3659 2129 3724 articulo
2170 3657 2454 3741 patebit.
2527 3657 2789 3720 Placuit
2826 3659 3004 3721 adeo
3048 3671 3350 3723 moneta-

1837 3757 1994 3830 riis,
2047 3756 2532 3838 imperatorem
2568 3752 2762 3833 hunc‚
2816 3756 2931 3839 qui
2962 3754 3346 3820 resuscitare

1838 3871 2142 3915 amorem
2163 3851 2229 3912 in
2264 3851 2558 3932 patriam
2578 3861 2680 3912 tot
2714 3852 3043 3938 prodigiis
3085 3852 3172 3917 ad
3193 3871 3348 3917 eum

1836 3949 2102 4033 apicem
2143 3957 2477 4022 evectam,
2521 3945 2766 4029 quibus
2790 3960 3063 4031 poterat
3098 3950 3346 4027 modia,

1836 4056 2119 4109 conatus
2182 4039 2307 4118 est,
2371 4042 2558 4105 velut
2620 4043 2983 4108 Romulum
3032 4045 3344 4121 alterum,

1832 4160 2073 4225 nempe
2116 4135 2666 4214 AVGVSTVM,
2736 4159 3156 4224 proponere,
3230 4141 3343 4204 etii

1828 4249 2109 4324 propter
2144 4235 2369 4321 pacis,
2422 4254 2504 4297 ac
2544 4233 2814 4317 pietatis
2871 4235 3144 4299 consilia
3199 4258 3343 4302 ma·

1826 4335 1926 4420 gis
1962 4333 2226 4412 Numae
2265 4351 2307 4393 a
2379 4330 2720 4393 veteribus
2779 4331 3182 4403 assimilatus
3247 4331 3343 4399 fit.

204 4428 422 4491 REX.
468 4426 838 4508 QvAfflS.
870 4430 1195 4498 DATVS.
1239 4429 1306 4493 S.
1338 4429 1411 4493 C.
1461 4432 1747 4515 Impera·
1827 4431 1958 4495 Hic
1998 4424 2326 4514 typus-est
2357 4428 2558 4491 etiam
2590 4426 2656 4488 in
2691 4428 2908 4490 numis
2957 4430 3178 4492 aureis
3205 4475 3224 4504 ,
3277 4442 3344 4492 et

278 4636 339 4704 a)
385 4631 646 4688 Arsacid.
684 4636 877 4707 imper.
911 4653 972 4709 p.
1006 4652 1127 4706 325·
