4242 5459
934 589 1253 671 PISO.
1350 586 1900 671 VALENS.
1978 587 2614 681 BALISTA.
3196 603 3364 677 461.

214 789 620 856 Thess‘aliam
645 787 854 866 abiit,
900 790 1394 877 imperiumque
1429 792 1524 857 ibi
1569 813 1731 879 pau·
2428 793 2500 857 N
2512 792 2715 857 ami
2704 814 2724 832 ·

214 889 306 951 dis
345 883 908 950 consentientibus
948 888 1252 974 sumpsit,
1317 890 1535 952 dictus
1574 908 1731 972 pro·
1910 890 2071 973 Ejus
2112 906 2388 953 numum
2421 886 2768 963 Latinum,
2819 886 2886 948 in
2910 887 3092 966 cujus
3136 903 3328 949 aver·

213 995 481 1067 pterea
469 978 890 1069 Theffalicus‚
942 985 1177 1066 paullo
1214 981 1365 1069 post
1419 968 1631 1047 mii’sis
1685 1003 1730 1046 a
1812 980 2986 1058 raTHESSAL.AvGVS.dicitu1-,
3037 981 3329 1044 alterum

217 1077 499 1143 Valente
530 1076 1022 1161 percuss'oribus
1066 1100 1101 1141 e
1152 1080 1379 1142 medio
1443 1079 1721 1144 tollitur.
1805 1081 2343 1144 Alexandrinum
2377 1076 2755 1139 Bandurius
2785 1098 2872 1140 ex
2904 1097 3035 1140 uno
3060 1075 3329 1139 Medio·
3295 1111 3351 1133 -.

221 1171 392 1245 Vide
434 1150 912 1245 Trebelliumf
892 1192 963 1238 ιιι
996 1173 1325 1258 Tyranno
1363 1174 1512 1238 XX.
1758 1175 2029 1247 barbo
2064 1173 2318 1254 hausit,
2369 1173 2480 1236 sed
2528 1173 2611 1236 de
2653 1193 2939 1258 quorum
2992 1172 3126 1289 fide
3151 1188 3325 1235 nunc

1310 1264 1327 1283 ⁸
1806 1270 2016 1356 vulgo
2053 1269 2425 1335 dubitatur.

1534 1556 2009 1628 VALENS.

310 1741 617 1807 Achaiae
653 1741 1015 1828 proconful
1068 1761 1112 1804 a
1148 1737 1461 1808 Gallieno
1498 1744 1734 1809 consti·
1780 1748 1795 1761 ⁸
1907 1748 2199 1835 Numum
2232 1745 2371 1823 ejus
2410 1742 2939 1809 Alexandrinum
2990 1742 3321 1808 Banduri-

217 1851 397 1904 tutus
431 1859 477 1903 a
517 1841 878 1902 Macriano
922 1837 1175 1901 infidiis
1216 1842 1505 1923 petitur,
1557 1861 1729 1924 quas
1810 1862 1887 1904 us
1926 1860 2013 1904 ex
2068 1862 2201 1905 uno
2250 1841 2527 1904 Occone
2570 1843 2797 1914 novit;
2850 1858 3023 1905 nunc
3057 1842 3326 1905 nemine

217 1948 291 1998 ut
346 1934 762 2009 declinaret,
835 1936 1193 2017 imperium
1248 1936 1524 2017 arripit,
1616 1936 1759 2003 se‘d.
1805 1937 1999 2002 illum
2038 1938 2180 2002 alio
2215 1937 2601 2001 vindicante
2654 1938 3135 2007 contemnitur.

210 2030 403 2094 bre'vi
448 2049 490 2090 a
524 2030 849 2091 militibus
890 2030 1310 2092 interimitur.
1361 2030 1536 2092 Vide
1559 2032 1729 2092 Tre-

213 2125 491 2190 bellium
527 2127 597 2188 in
637 2126 970 2209 Tyranno
1004 2122 1253 2186 XVIII.

1486 2310 2036 2385 BALISTA.

308 2506 367 2569 A
402 2502 776 2568 Valeriano
815 2501 907 2566 ad
947 2501 1284 2565 maximas
1316 2500 1719 2587 dignitates,
1803 2503 2127 2579 versatur,
2147 2500 2490 2568 Odenathi
2514 2502 2761 2569 insidiis
2781 2501 3159 2568 occubuiss‘e
3181 2523 3321 2569 cre-

206 2610 277 2663 et
307 2599 518 2686 ipsam
546 2600 882 2683 ‘praetorii
906 2595 1407 2684 praefecturam
1448 2618 1720 2681 promo·
1803 2600 2003 2663 ditur.
2051 2599 2229 2662 Vide
2250 2599 2760 2671 Tillemontium
2796 2598 2914 2667 sub
2950 2600 3317 2666 Valeriano

203 2706 315 2763 tus
341 2743 362 2772 ,
414 2715 698 2778 eumque
739 2696 831 2757 ad
859 2694 1109 2757 bellum
1142 2690 1468 2755 Persicum
1498 2695 1721 2757 adsec-
1803 2706 1871 2757 et
1918 2691 2257 2757 Gallieno.

206 2801 431 2872 taturi,
482 2790 600 2853 illo
648 2809 692 2852 a
724 2790 928 2852 Persis
967 2790 1173 2871 capto
1218 2787 1575 2852 Macriano
1630 2791 1720 2852 ad
1900 2790 2112 2869 Hujus
2145 2793 2418 2872 tyranni
2466 2811 2741 2855 numum
2786 2791 3103 2855 Latinum
3142 2789 3312 2853 hau-

202 2883 597 2947 sumendam
635 2904 1002 2970 purpuram
1040 2893 1278 2945 auctor
1301 2880 1456 2963 fuit,
1511 2904 1716 2967 quam
1798 2884 1875 2947 fit
1906 2884 2402 2951 Mediobarbus
2465 2907 2552 2950 ex
2615 2887 2916 2953 Occone.
3018 2886 3319 2949 Alexan·
3361 2926 3368 2935 -

209 2989 280 3041 et
316 2980 453 3064 iple
489 2980 692 3043 serius
738 2978 1084 3064 arripuiss'e
1129 2974 1386 3060 fertur,
1439 2977 1588 3054 etii,
1642 3002 1718 3043 ιι
1799 2981 2066 3044 drinum
2112 2981 2384 3047 addidit
2438 2980 2770 3049 GoltziuS.
2862 2981 3096 3049 Neutri
3146 2979 3357 3054 fides,

204 3085 388 3137 trum
454 3094 615 3138 vere
686 3074 1165 3160 imperaverit,
1212 3070 1521 3135 adserere
1581 3095 1716 3140 non
1794 3074 2108 3144 habetur.

202 3170 461 3235 audeat
485 3170 893 3237 Trebellius,
936 3165 1001 3254 ⁸)
1083 3167 1163 3231 In
1226 3167 1501 3232 Oriente
1553 3170 1715 3234 dum

1309 3453 2146 3524 ‘REGALIANVS

298 3642 715 3732 Regiffiamm
752 3657 1003 3709 vocant
1039 3643 1446 3725 Trebellius,
1496 3659 1564 3710 et
1599 3649 1713 3712 vi·
1792 3648 2063 3734 guinem
2100 3666 2146 3709 a
2182 3644 2535 3712 Decebalo
2576 3649 2840 3711 ducere.
2924 3641 3095 3708 Cum
3153 3640 3310 3709 Gal-

199 3754 355 3808 ctor
405 3746 475 3806 in
524 3743 884 3828 Epitome,
959 3754 1028 3804 et
1089 3761 1177 3804 ex
1234 3742 1366 3812 hoc
1414 3745 1712 3807 nomine
1792 3744 2007 3805 lienus
2040 3743 2448 3826 Ingenuum,
2500 3744 2613 3829 qui
2664 3741 2901 3805 audito
2960 3740 3308 3805 Valeriani

194 3836 512 3902 Goltzius
550 3839 631 3924 Q.
660 3839 939 3904 Nonium
974 3836 1385 3922 Regilianum
1410 3835 1565 3900 suae
1593 3858 1709 3902 au·
1792 3836 1947 3901 fato
1984 3838 2418 3919 tyrannidem
2473 3841 2543 3902 in
2588 3838 2864 3921 Illyrico
2899 3837 3305 3921 arripuerat,

187 3934 539 3998 ctoritatis
585 3932 673 3995 est
694 3931 1091 3996 fabricatus.
1141 3932 1570 4017 Regallr’anum
1608 3934 1709 3997 di·
1791 3933 1979 4019 apud
2028 3931 2352 3997 Murfiam
2418 3932 2799 4008 devicill'et,
2868 3945 2938 3996 et
2998 3933 3303 3996 inhuma-

189 4030 307 4095 xit
363 4028 602 4091 Victor
643 4029 711 4091 in
762 4025 1208 4107 Caesaribus,
1277 4017 1341 4109 ¹’)
1408 4039 1480 4090 at
1524 4030 1712 4091 numi
1794 4047 1884 4091 na
1921 4026 2237 4091 barbarie
2270 4029 2342 4092 in
2379 4029 2577 4106 illoc,
2649 4029 2761 4111 qui
2820 4028 2911 4092 ab
2965 4046 3049 4090 eo
3122 4025 3301 4093 stete·
3353 4052 3358 4061 ·

185 4123 513 4212 genuini,
566 4142 737 4206 quos
794 4144 955 4214 molt
1015 4124 1433 4215 producam,
1494 4123 1576 4188 Ρ.
1640 4123 1708 4190 C.
1790 4135 1986 4201 rant,
2036 4122 2400 4204 saeviiss'et,
2450 4126 2706 4190 veritus
2739 4122 3073 4187 exercitus
3107 4125 3305 4186 Moe-

187 4218 650 4301 Regalianum,
735 4220 993 4282 incerto
1054 4222 1230 4282 adeo
1280 4219 1497 4311 gentis
1555 4216 1709 4282 suae
1790 4218 2040 4299 fiacus,
2094 4239 2178 4283 ne
2210 4220 2390 4283 idem
2433 4220 2528 4284 ab
2555 4223 2735 4284 irato
2792 4218 3053 4284 victore
3111 4230 3299 4300 pate-

178 4314 517 4391 nomine,
567 4331 719 4376 cum
749 4333 818 4377 ro
863 4311 919 4377 C
958 4315 1149 4377 varie
1204 4315 1427 4397 accipi
1483 4314 1708 4398 possit.
1788 4325 2011 4392 retur,
2060 4314 2510 4400 Regalianum
2542 4312 2901 4401 Augustum
2938 4314 3144 4387 dixit,
3186 4310 3299 4374 sed

182 4408 358 4472 Fuit
396 4409 673 4472 natione
713 4410 992 4488 DacuS,
1044 4419 1114 4472 et
1135 4409 1538 4473 credebatur
1569 4410 1709 4473 san·
1791 4411 2079 4474 eundem
2143 4408 2375 4496 postea
2435 4411 2824 4477 succedente
2876 4428 2922 4472 a
2982 4404 3296 4469 Gallieno

252 4616 329 4689 ο)
366 4619 426 4670 in
454 4616 734 4696 Tyranno
773 4619 966 4674 xvu.
1152 4617 1213 4688 b)
1251 4617 1347 4673 rub
1374 4606 1666 4679 „Gallieno-
1768 4680 1777 4687 ,
