4242 5459
879 520 1035 645 250
1819 512 2414 651 'AQv1L1A
2520 532 3069 631 SEVERA.

865 751 1352 835 AEQVITAS.
1393 751 1807 822 PVBLICA.
1852 789 1946 804 -
1993 752 2394 819 CONCOR-
2459 773 2627 838 pore
2671 774 2884 841 usque
2939 757 3027 818 ad
3071 755 3393 820 Martium
3448 754 3601 822 anni
3644 753 3927 841 sequentis

867 847 1054 912 DIA.
1095 884 1197 898 —-
1234 850 1694 915 LAETITIA.
1743 887 1838 904 --
1879 851 2197 916 VESTA.
2263 865 2391 916 etc.
2465 854 2548 914 V.
2591 849 2666 914 C.
2709 872 2890 934 975,
2946 872 3081 934 quo
3140 853 3366 917 caesus
3417 853 3501 917 est
3546 855 3932 939 Elagabalus.

859 946 1159 1030 cumsm's
1195 950 1386 1034 typis.
1442 950 1562 1015 AR
1631 951 1775 1016 ΑΕ.
1820 950 1872 1015 1.
1915 949 2001 1012 Η.
2172 972 2187 987 ·
2465 946 2645 1031 Ergo
2685 960 2751 1011 et
2795 949 2898 1012 his
2940 951 3155 1012 numis
3207 953 3480 1030 juvatur
3537 949 3938 1013 testimonium

2463 1042 2709 1106 Dionis
2783 1043 2986 1130 supra
3056 1047 3467 1121 adductum,
3536 1046 3941 1128 Elagabalum

1153 1142 1353 1209 Numi
1399 1145 1720 1209 commatis
1761 1143 2102 1229 peregrini.
2465 1137 2608 1222 post
2652 1140 2890 1204 ductas
2927 1162 3048 1226 per
3082 1143 3513 1205 intervallum
3559 1144 3721 1205 alias
3759 1143 3837 1203 ad
3874 1148 3946 1202 Λ.

1217 1303 1222 1307 ,
2463 1235 2746 1318 quiliam
2793 1239 3120 1301 redivisse.
3222 1240 3545 1324 Vulgavit
3596 1237 3943 1302 Pellerinius
3978 1268 3993 1279 =

963 1333 1286 1415 Bal-Iores
1324 1333 1467 1397 sunt
1505 1335 1696 1416 hujus
1739 1334 1967 1399 classis
1995 1332 2054 1397 'n
2183 1333 2225 1398 i.
2281 1333 2386 1395 In·
2460 1351 2733 1393 numum
2763 1329 3180 1417 Gabalorum
3204 1334 3447 1416 Syriae
3468 1355 3613 1397 cum
3636 1335 3810 1413 hujus
3844 1350 3934 1394 ca-

861 1441 968 1494 ter
1001 1430 1126 1492 hos
1151 1428 1520 1514 praestant,
1576 1434 1687 1514 qui
1719 1451 1933 1494 annos
1964 1354 2382 1516 fii-Rerum.
2464 1429 2604 1512 pite
2631 1474 2651 1504 ,
2705 1440 2772 1490 et
2812 1448 2987 1492 anno
3026 1430 3211 1499 (ΣΞΗ.
3253 1433 3413 1502 268.
3506 1431 3572 1492 Si
3608 1448 3819 1492 verum
3853 1425 3948 1503 est,

861 1527 1129 1589 Horum
1169 1546 1334 1591 unus
1378 1524 1750 1590 Caesareae
1805 1528 2151 1590 Paniados
2200 1526 2384 1588 exhi·
2462 1544 2697 1586 aeram
2766 1524 2989 1605 *hujus
3076 1526 3262 1586 urbis
3361 1526 3648 1612 coepill'e
3740 1528 3814 1592 V.
3881 1521 3946 1589 C.

863 1621 980 1685 bet
1018 1640 1268 1685 annum
1309 1622 1496 1687 cKr.
1559 1642 1722 1705 223.
1771 1621 2154 1708 (Pellerin.)
2210 1621 2383 1684 Coe·
2468 1640 2648 1700 707,
2704 1622 2884 1702 quod
2940 1641 3115 1686 nuuc
3164 1643 3204 1684 a
3241 1622 3583 1707 plerisque
3631 1621 3941 1695 creditum,

743 1778 760 1791 ,
853 1718 963 1804 pit
997 1718 1189 1797 hujus
1237 1738 1403 1781 aera
1441 1709 1512 1781 in
1550 1731 1873 1792 autumno
1941 1721 2021 1781 V.
2062 1717 2136 1780 C.
2182 1737 2313 1799 75¹
2359 1762 2379 1793 ,
2460 1717 2586 1776 erit
2634 1736 2876 1778 numus
2940 1717 3230 1803 [ignatus
3288 1721 3450 1782 inde
3513 1720 3601 1783 ab
3658 1729 3941 1779 autumno

860 1834 1021 1900 ergo
1061 1833 1341 1892 numuS,
1396 1817 1480 1877 de
1539 1835 1672 1900 quo
1722 1816 2020 1900 agimus2
2092 1813 2377 1900 lignatus
2457 1811 2541 1871 V.
2615 1809 2690 1878 C.
2763 1826 2941 1892 974,
2994 1828 3061 1876 et
3114 1815 3601 1899 conspirabunt
3656 1826 3947 1898 tempora.

859 1909 952 1973 est
987 1909 1076 1974 ab
1099 1922 1427 1974 autumno
1459 1911 1638 1976 v.C.
1679 1931 1846 1993 973.
1899 1910 2090 1972 Idem
2109 1922 2377 1994 tempus
2452 1907 2709 1969 Verum
2749 1906 3005 1985 obstat,
3048 1914 3243 1995 quod
3269 1932 3354 1972 ex
3392 1913 3613 1976 numis
3648 1909 3831 1972 serius
3864 1926 3944 1968 re-

859 2007 1069 2092 exigit
1105 2027 1343 2070 numus
1369 2007 1864 2071 Alexandrinus
1908 2006 2259 2091 inscriptus
2301 2004 2378 2066 L.
2454 2004 2666 2088 pertis
2723 2004 3083 2088 probabile
3132 2006 3243 2084 fit,
3315 2012 3460 2087 ejus
3515 2006 3694 2070 urbia
3742 2021 3940 2068 aeram

860 2107 942 2167 Δ.
994 2102 1198 2189 (Mus.
1240 2100 1549 2188 Theup.)
1601 2105 1716 2188 qui
1752 2122 1963 2173 annus
1997 2103 2226 2186 coepit
2263 2120 2376 2163 eo·
2456 2098 2714 2162 nonnisi
2763 2101 2829 2163 in
2863 2114 3188 2166 autumno
3224 2107 3305 2168 V.
3361 2104 3443 2170 C.
3502 2115 3641 2186 708
3672 2098 3942 2189 coepiss'e,

858 2200 1014 2262 dem
1063 2219 1239 2262 anno
1305 2220 1440 2283 973
1503 2212 1787 2263 exeunte
1855 2196 2175 2283 Augusto.
2246 2197 2379 2260 Sed
2458 2215 2596 2278 quo
2636 2196 2847 2281 posito
2886 2219 3099 2263 annus
3148 2200 3336 2266 CEH.
3374 2201 3613 2265 saltem
3673 2216 3837 2261 anno
3869 2194 3953 2256 di-

857 2291 1118 2358 exstant
1151 2296 1361 2358 etiam
1398 2297 1757 2362 numicum
1786 2314 1965 2357 anno
1989 2293 2378 2379 posteriore,
2457 2293 2671 2356 midio
2726 2295 3081 2379 imperium
3132 2296 3494 2380 Elagabali
3558 2295 3845 2367 excedit,
3893 2300 3949 2349 ut

856 2388 1092 2475 quales
1129 2391 1277 2454 sunt
1313 2388 1754 2455 Alexandrini
1801 2390 1878 2459 L.
1921 2391 2037 2468 E„
2092 2392 2205 2473 qui
2263 2411 2378 2453 an·
2458 2389 2760 2452 dicemus
2825 2392 2894 2453 iu
2938 2391 3287 2455 Addeudis
3341 2394 3436 2456 ad
3496 2409 3735 2459 numos
3786 2387 3957 2467 hujus·

831 2506 979 2549 -nus
1030 2487 1260 2570 coepit
1304 2490 1384 2551 V.
1422 2487 1498 2554 C.
1537 2498 1680 2569 974
1706 2487 1834 2550 fine
1868 2484 2164 2569 Augusti,
2204 2506 2374 2568 quos
2456 2484 2661 2551 urbis,
3814 2487 3818 2491 ⁴

843 2602 1014 2669 sergo
1049 2582 1289 2669 [ignari
1333 2586 1640 2670 oportuit
1683 2582 1837 2648 inde
1886 2583 1974 2646 ab
2032 2582 2168 2645 h'oc
2207 2595 2372 2646 tem·

2140 2871 2274 2940 PR
2293 2874 2355 2938 E
2374 2872 2491 2940 TI
2508 2871 2583 2939 V
2592 2870 2691 2938 M.

845 2971 1191 3039 &mutatis
1238 2970 1547 3038 Romani:

1043 3069 1250 3135 Aurei
1556 3105 1584 3118 -
1783 3106 1810 3119 ·
2013 3103 2038 3119 ·
2240 3101 2266 3118 ·
2456 3103 2484 3118 ·
2679 3099 2711 3116 -
2906 3102 2935 3121 -
3134 3097 3187 3128 -κ
3358 3103 3387 3121 -
3594 3068 3859 3133 naun.

1039 3165 1364 3251 Argentei
1547 3202 1573 3217 -
1773 3203 1798 3216 -
2000 3202 2025 3215 -
2225 3199 2250 3212 -
2442 3198 2474 3213 -
2673 3198 2701 3213 -
2895 3199 2925 3212 ..
3125 3200 3150 3213 -
3345 3193 3379 3214 ..
3582 3166 3732 3229 RR„

1036 3265 1252 3327 Aenei
1303 3280 1487 3325 max.
1542 3263 1725 3325 mod.
2003 3299 2024 3312 -
2225 3294 2248 3310 ·
2444 3295 2469 3310 -
2676 3296 2699 3310 -
2896 3294 2919 3310 ·
3119 3296 3144 3311 .
3350 3295 3373 3311 .
3581 3262 3668 3324 ο,

1031 3362 1247 3423 Aenei
1286 3360 1339 3425 Ι.
1395 3370 1461 3421 et
1494 3358 1580 3421 11.
1621 3357 1890 3423 formae
3356 3369 3392 3431 4
3598 3359 3745 3424 ΗΒ.

830 3452 1179 3527 commas
1217 3457 1541 3543 peregrini
1569 3480 1593 3520 .-
3066 3520 3073 3529 Ι
3626 3505 3650 3522 ,

1030 3552 1318 3620 Vrbium
1349 3550 1716 3619 liberarum
1740 3601 1763 3637 ,
1817 3548 2281 3627 coloniarum,
2333 3547 2778 3612 Alexandrini
2905 3585 2930 3601 -
3126 3586 3154 3601 -
3350 3588 3376 3602 -
3581 3546 3741 3625 ΒΕ,

1831 3832 2230 3921 ΑΝΝῙΑ
2324 3834 2958 3905 FAVSTINA.

919 4034 1140 4105 Huius
1195 4028 1528 4116 Augustae
1590 4050 1795 4116 genus
1868 4053 1951 4097 ac
2006 4032 2354 4095 fortunam
2440 4031 2682 4097 Claudii·
2708 4031 2956 4112 Severi,
3008 4044 3067 4097 et
3089 4034 3185 4100 M.
3223 4033 3808 4120 Antoninineptt's,
3862 4022 3962 4123 (52-

823 4130 1070 4218 paucis
1108 4129 1441 4211 attingunt
1493 4129 1884 4212 scriptun-ee,
1938 4129 2047 4191 sed
2106 4149 2352 4193 nomen
2434 4128 2722 4207 πογονος)
2772 4148 2959 4213 quam
3005 4132 3406 4216 quidem-ipse
3448 4153 3731 4198 uxorem
3755 4117 3971 4201 'auxia

825 4230 1148 4301 reticent,
1202 4226 1388 4306 quod
1426 4222 1754 4288 sufficiunt
1795 4226 2002 4287 numi.
2071 4224 2178 4287 De
2222 4225 2351 4288 hac
2431 4243 2537 4287 nec
2582 4225 2675 4297 ei,
2745 4235 2818 4287 ut
2861 4231 3085 4291 mariti
3139 4228 3380 4314 lugeret
3422 4230 3678 4313 casum,
3761 4232 3969 4314 injecto

824 4322 1000 4387 Dio:
1035 4330 1090 4398 ⁸)
1143 4317 1323 4406 Bnffo
1371 4323 1598 4384 crimen
1622 4321 1797 4404 fuit,
1866 4322 2036 4406 quod
2084 4342 2350 4386 uxorem
2431 4330 2593 4383 metu
2627 4323 2924 4409 permisit.
3003 4325 3244 4387 Paullo
3290 4323 3520 4389 infra:
3568 4315 3631 4403 b)
3722 4347 3798 4392 ne
3829 4323 3977 4411 bane

824 4415 1085 4482 baberet
1101 4416 1448 4503 formosam
1472 4464 1490 4494 ‚
1541 4427 1603 4479 et
1633 4415 1909 4481 nobilem.
1979 4420 2151 4484 Erezt
2190 4421 2348 4482 enim
2427 4417 2668 4501 quidem
2721 4420 3093 4502 (Aquiliam
3129 4422 3485 4498 Severum)
3544 4426 3661 4488 diu
3692 4421 3970 4494 retinuit,

897 4626 1527 4725 vul-Qn-
1721 4626 1940 4696 ωερ-
