4242 5459
1156 551 1166 555 ·
1263 524 2067 603 ANTONINVS
2167 525 2489 603 PIVS.

425 824 431 829 .
606 731 843 801 Eadem
896 728 1175 816 adversa.

288 837 500 903 IMP.
540 830 619 896 L.
659 829 985 894 AVREL.
1021 829 1073 888 V
1081 826 1330 892 ERVS.
1374 824 1580 890 AVG.
1639 826 1838 910 Caput

285 938 379 1005 L.
428 932 595 1001 Veri
628 930 875 993 nudum.
927 925 1076 987 AR.

402 1027 783 1114 Singularis
818 1022 931 1085 hic
980 1041 1261 1096 numne,
1312 1018 1426 1082 nisi
1470 1016 1648 1081 forte
1700 1033 1837 1079 una

292 1123 731 1217 permutatio
779 1117 1122 1200 matricis»,
1175 1129 1296 1179 aut
1324 1115 1691 1199 quaepiam
1719 1134 1832 1178 ve·

287 1227 469 1290 teris
501 1216 883 1305 impostoris
922 1212 1110 1277 fraus
1149 1212 1543 1298 singu-larem
1584 1209 1834 1285 effecit,

292 1325 537 1387 editus
576 1314 665 1382 est
698 1335 742 1379 a
778 1309 1101 1397 Vignolio
1148 1312 1216 1374 in
1254 1308 1712 1374 dissertatione
1749 1306 1834 1369 de

295 1419 657 1486 Columna
699 1415 855 1476 Ant.
895 1429 964 1494 p.
1014 1409 1177 1490 167.

464 1701 475 1708 ᾖ
698 1604 941 1670 Numi
1030 1599 1455 1666 Antonini

431 1705 873 1791 antiquitatem
914 1699 1265 1767 Romanam
1308 1697 1706 1783 restituentes.

400 1904 499 1966 Vt
530 1894 927 1979 religionem
970 1891 1257 1965 avitam,
1314 1906 1396 1951 ae
1427 1885 1836 1950 caerimoni-

286 1997 373 2065 as
417 1995 819 2061 conservare
858 1992 1199 2073 integraS,
1252 2003 1334 2047 ac
1389 2002 1594 2067 puras
1646 1980 1834 2043 omni

284 2085 741 2162 eontentione
782 2086 1226 2150 adlaboravit
1276 2078 1682 2154 Antoninus»,
1731 2088 1831 2138 at·

286 2211 437 2276 que
483 2188 695 2251 etiam
729 2184 863 2246 hoc
902 2181 1102 2244 titulo
1149 2179 1320 2241 alter
1358 2177 1584 2238 Numa
1619 2173 1827 2256 vulgo

286 2287 385 2354 est
428 2267 759 2356 habitus}
810 2282 910 2344 ita
944 2291 1011 2341 et
1046 2279 1316 2340 Romae
1366 2270 1716 2344 nascentiS,
1748 2288 1831 2329 ac

278 2382 505 2475 primi
562 2382 701 2460 ejus
730 2373 1235 2460 aevi·prodigia
1273 2370 1532 2431 summa
1562 2365 1831 2449 religio-

276 2502 373 2547 ne
390 2473 820 2550 observavit,
863 2475 1235 2552 eorumque
1272 2463 1672 2536 memoriam
1696 2479 1832 2542 qua

280 2576 533 2666 potuit
582 2571 848 2634 ratione
902 2567 993 2632 ad
1048 2561 1521 2628 renovandum
1576 2557 1829 2620 civium

277 2677 355 2738 in
396 2670 702 2758 patriam
744 2663 1051 2728 amorem
1088 2658 1465 2724 revocavit.
1549 2654 1829 2717 Acuerit

278 2768 679 2857 principem
716 2761 913 2846 super
967 2761 1270 2822 innatam
1330 2754 1655 2838 pietatem
1706 2770 1821 2812 na·

280 2866 462 2931 talis
524 2859 708 2924 urbis
772 2853 1343 2940 nongentefimuS,
1398 2867 1597 2931 quem
1655 2846 1821 2909 cele·

280 2962 485 3027 brari
534 2957 595 3019 [e
651 2957 1035 3040 imperante
1071 2948 1372 3030 contigit.
1418 2945 1522 3006 De
1569 2945 1708 3025 ejus
1754 2944 1823 3004 in

280 3057 781 3140 antiquitatem
840 3048 1137 3135 patriam
1175 3040 1609 3107 observantia
1655 3039 1824 3102 nihil

282 3151 678 3242 memoriae
733 3145 1101 3233 prodidere
1157 3136 1531 3225 superstites
1594 3156 1818 3198 rerum

3356 561 3440 620 ¹29

1919 725 2444 812 dedicatumque
2489 728 2830 796 Antonino
2856 729 3245 803 OPTIMO.
3275 739 3466 807 MA„

1919 828 2249 909 XIMOQ.
2299 825 2708 890 PRINCIPI.
2765 828 2910 893 ΕΤ.
2964 830 3186 898 CVM.
3223 839 3464 903 SVM·-

1924 926 2080 985 MA.
2157 922 2813 987 BENIGNITATE.
2899 926 3462 1004 IVSTISSIMO..

1918 1020 2062 1081 ΟΒ.
2123 1017 2583 1083 INSIGNEM.
2644 1019 2909 1084 ERGA.
2995 1023 3446 1097 CAERIMO.

1918 1114 2150 1178 NIAS.
2196 1115 2660 1180 PVBLICAS.
2708 1115 3055 1184 CVRAM.
3103 1119 3246 1189 AC.
3296 1127 3444 1192 RE.

1920 1210 2401 1276 LIGIONEM.
2459 1215 2546 1273 At
2577 1215 2791 1277 multo
2833 1214 2995 1278 istud
3029 1223 3243 1306 magis
3286 1245 3441 1290 con·

1920 1306 2195 1372 firmant
2231 1309 2414 1370 numi
2457 1311 2638 1394 pium
2681 1311 2811 1373 hoc
2849 1315 2988 1392 ejus
3018 1313 3298 1382 studium
3326 1323 3459 1386 de·-

1920 1408 2441 1489 praedieantes,
2516 1407 2631 1488 qui
2721 1407 3025 1493 plerique
3096 1417 3462 1484 maximae·

1918 1501 2189 1565 formae
2223 1501 2409 1581 sunt,
2489 1522 2661 1586 quos
2719 1505 2897 1566 adeo
2952 1528 3187 1573 omnes
3250 1534 3441 1600 argu.

1920 1600 2127 1660 menti
2170 1598 2373 1661 causa
2407 1595 2596 1660 lubet
2649 1601 2889 1662 eodem
2944 1605 3101 1669 loco
3157 1610 3222 1670 in
3279 1631 3462 1676 con--

1917 1693 2216 1779 spectum
2264 1695 2457 1759 dare.

2661 1787 2689 1821 4

2480 1843 2510 1872 t
2840 1847 2870 1876 ιι
3453 1831 3462 1837 ’

2211 1885 2764 1954 ANTONINVS.
2803 1892 3249 1961 AVG.-PIVS.
3277 1901 3342 1966 P.
3367 1902 3456 1967 P..

2213 1985 2361 2047 ΤΒ-
2394 1987 2467 2049 Ρ.
2512 1983 2704 2049 Cos,
2730 1986 2849 2052 111.
2955 1991 3166 2076 Caput
3189 1996 3454 2065 laurea--

2212 2092 2376 2146 tum.-

1916 2177 2070 2242 δέκα
2107 2174 2471 2261 epigraphe.
2524 2178 2820 2246 Hercules
2835 2183 2896 2268 s.
2949 2183 3140 2251 leonis
3178 2195 3460 2258 exuvias·

1916 2283 2160 2346 tenens,
2215 2274 2536 2335 dexteram
2562 2321 2577 2346 ,
2631 2295 2754 2358 qua
2787 2281 3022 2342 clavam
3065 2292 3250 2359 tenet,
3299 2294 3454 2371 qui--

1917 2367 2181 2432 busdam
2215 2366 2671 2450 deosculandam
2701 2376 3030 2455 porrigit;
3060 2379 3263 2461 juxta
3313 2385 3437 2447 Ca-

1917 2484 2027 2528 cus
2068 2461 2533 2551 hunriflratus,
2584 2475 2644 2529 et
2675 2467 2933 2551 specus,
2986 2491 3067 2534 ex
3109 2495 3230 2558 quo
3275 2500 3439 2562 pro-

1916 2568 2160 2624 tractus
2189 2559 2347 2645 suit.
2409 2559 2544 2622 ΑΕ.
2593 2582 2682 2625 m.
2735 2585 2823 2625 m.
2880 2567 3083 2650 (Mur.
3124 2571 3438 2659 Albani.)

2012 2656 2196 2742 Nota
2238 2676 2322 2719 ex
2379 2657 2706 2743 virgilie,
2775 2661 3072 2742 Ovidio,
3147 2667 3436 2756 aliisque

1914 2751 2079 2816 Caci
2139 2753 2458 2830 esuritio,
2535 2768 2601 2817 et
2646 2756 3007 2823 latrocinia
3064 2783 3146 2826 ex
3208 2781 3435 2832 monte

1910 2850 2276 2927 Aventino,
2333 2871 2529 2932 quem
2556 2854 2814 2931 insedit,
2867 2858 3090 2922 vicina
3126 2860 3430 2928 infestan-

1909 2948 2034 3026 tis,
2089 2949 2362 3031 ejusque
2386 2948 2665 3012 exitium
2693 2950 2781 3012 ab
2823 2952 3112 3017 Hercule
3145 2957 3430 3026 abactas

1908 3040 2124 3105 boves
2165 3054 2509 3126 repetente
2555 3046 3032 3113 acceleratum.
3085 3051 3280 3119 Grati
3318 3080 3427 3122 ac·

1906 3138 2101 3199 colae
2127 3185 2146 3214 ,
2203 3157 2357 3200 nam
2399 3154 2546 3202 erat
2584 3143 2691 3205 hic
2726 3145 2985 3226 praedo
3032 3168 3157 3211 non
3207 3148 3426 3243 levefi·

280 3243 766 3316 Romanarum
811 3243 1187 3325 scriptores.
1271 3235 1536 3296 Tamen
1575 3232 1821 3318 insigne
1901 3236 2144 3299 nitimis
2184 3232 2635 3322 hospitibusque
2676 3239 2902 3303 malum
2938 3241 3096 3307 teste
3135 3247 3428 3326 Nasone,

278 3354 433 3430 ejus
474 3343 735 3407 factum
774 3340 905 3401 huc
951 3336 1288 3420 pertinens
1326 3341 1821 3394 commemorat
1901 3326 1961 3410 ⁶)
1998 3330 2334 3392 vindicem
2382 3331 2769 3402 liberatoris
2807 3326 3181 3408 ‚dexteram
3240 3346 3429 3410 deos.

277 3439 713 3513 Pausanias,
768 3435 884 3518 qui
907 3443 1179 3504 narrat,
1233 3426 1646 3490 Antoninum
1664 3424 1819 3488 Pal·
1905 3425 2209 3489 cuiant‘es
2255 3428 2324 3488 in
2372 3431 2643 3514 egregio
2684 3430 2817 3495 hoc
2854 3434 3126 3498 cimelio
3177 3458 3428 3525 propo·

276 3538 582 3606 lantium
606 3532 990 3607 Arcadiae,
1041 3546 1195 3590 eum
1230 3525 1421 3587 vicus
1441 3521 1597 3583 ess'et
1625 3522 1821 3604 igno·
1899 3535 2163 3586 nuntur.
2218 3520 2388 3586 Caci
2405 3540 2878 3607 argumentum
2911 3529 3270 3595 exhibetur
3305 3539 3427 3599 eti·

282 3637 497 3716 bilis,
550 3633 618 3693 in
649 3627 839 3691 urbis
873 3622 1169 3686 formam
1211 3616 1603 3704 ampliasse,
1658 3617 1817 3678 libe·-
1903 3620 2110 3682 amin
2153 3637 2359 3680 numo
2399 3619 2655 3682 Aurelii
2693 3618 3036 3702 Caesaris,
3090 3645 3290 3709 quem
3329 3633 3424 3694 vi.

278 3748 578 3812 rumque
606 3773 625 3804 ,
676 3737 744 3788 et
793 3743 837 3785 a
875 3721 1145 3785 tributis
1192 3720 1490 3780 immune
1545 3710 1771 3774 feciss'e
1798 3761 1817 3790 ,
1903 3714 1985 3773 de
2028 3712 2205 3775 infra
2244 3714 2331 3775 ad
2366 3733 2614 3777 annum
2655 3718 2741 3783 V.
2794 3714 2874 3783 C.
2919 3739 3080 3803 900.
3149 3725 3324 3790 Vide
3359 3741 3428 3792 et

278 3826 620 3915 quoniam
690 3821 850 3884 inde
910 3837 1062 3881 eum
1132 3813 1393 3878 colonis
1468 3806 1815 3894 profectus
1898 3827 2143 3871 numos
2179 3809 2523 3893 sequentes
2560 3814 2753 3877 duost

274 3917 613 3989 Evander
649 3928 929 4003 propter
954 3911 1264 3977 Tiberim
1311 3929 1396 3971 eo
1451 3906 1607 3969 loco
1653 3925 1811 3969 con·
2464 3962 2493 3991 „
2644 3912 2672 3943 ¹*
2821 3966 2852 3995 ,ι

274 4014 496 4095 sedit,
546 4018 659 4100 qui
694 4032 854 4100 pars
880 4009 1108 4096 postea
1139 4007 1322 4069 urbis
1363 4005 1623 4067 Romae
1658 4002 1821 4065 fue-i
2074 4013 2081 4019 ⁵
2191 4003 2743 4071 ANTONINVS·
2776 4010 2974 4073 AVP·
3000 4013 3212 4079 PIVS·
3236 4015 3309 4082 P.
3340 4020 3393 4082 P

278 4133 438 4190 rat,
494 4126 560 4178 et
603 4132 727 4197 pro
774 4107 1117 4171 Pallantio
1175 4103 1423 4166 ablatis
1460 4099 1616 4162 inde
1668 4100 1813 4162 lite·
2189 4102 2334 4164 TR.
2371 4103 2438 4164 Ρ.
2481 4102 2726 4166 XVIII.
2802 4105 3005 4189 Caput
3039 4068 3415 4178 laureatum·

274 4218 377 4277 ris
420 4211 481 4273 L
520 4222 588 4272 et
633 4209 689 4271 N
738 4203 1053 4272 Palatium
1077 4202 1150 4264 sit
1198 4201 1472 4261 dictum.
1506 4198 1570 4277 ²)
1616 4198 1814 4261 Prae·
1895 4194 2085 4260 COS.
2123 4200 2264 4260 1111.
2317 4197 2612 4261 Hercules
2629 4199 2686 4284 s
2724 4200 2998 4281 clavam,
3053 4216 3113 4270 et
3154 4164 3419 4278 exuvias·-

267 4325 385 4374 ter
420 4303 670 4371 illustre
715 4305 850 4366 hoc
901 4297 1344 4362 testimonium
1410 4291 1671 4378 praesto
1726 4291 1812 4355 est
1893 4293 2084 4358 leonis
2120 4295 2182 4356 d.
2220 4302 2510 4378 pateram
2545 4306 2754 4361 tenens
2791 4298 2878 4363 ad
2920 4320 3101 4366 aram
3143 4309 3418 4389 ignitam

270 4408 497 4471 etiam
536 4419 837 4477 marmor
882 4396 1233 4481 vulgatum
1276 4390 1691 4466 aFabretto,
1747 4378 1812 4468 1’)
1871 4390 2216 4482 sacrificat,
2261 4403 2467 4475 popae
2498 4392 2620 4456 duo
2656 4404 2910 4459 taurum
2947 4379 3250 4481 attinent,
3303 4408 3413 4471 ad-

2161 4602 2213 4669 e)
2253 4601 2397 4664 Fan.
2433 4602 2484 4665 Ι,
2516 4618 2640 4673 55²·

365 4614 423 4681 ι)
456 4611 529 4671 1..
564 4610 729 4663 vm.
768 4627 813 4662 c.
838 4620 941 4682 043.
1132 4602 1199 4670 b)
1233 4599 1476 4674 Inscript.
1511 4617 1637 4674 cap.
1674 4602 1750 4655 X.
1788 4620 1843 4656 n.
1880 4603 1967 4654 62.
