4242 5459
833 600 966 666 ¹92

849 790 935 834 ex
971 758 1427 831 monumentis
1444 756 1735 845 publicis
1770 756 2028 841 semper
2045 752 2368 818 exulave·
2411 748 2416 752 ’

843 887 963 940 re,
1017 840 1234 946 nequ'e
1283 855 1508 921 hercle
1568 852 1703 923 auli
1754 852 1959 915 ess'ent
2008 850 2372 913 monetarii

849 982 933 1025 ea
961 958 1207 1023 inferre
1250 951 1514 1026 nuruis,
1568 962 1635 1013 et
1662 947 1954 1011 Severus
1990 951 2130 1030 jam
2162 945 2233 1007 in
2251 965 2373 1007 nu-

1555 553 1654 632 L,
1756 549 2490 633 SEPTIMIVS
2570 548 3231 679 SEVERVS.

3112 745 3342 820 Pius.

2557 946 2711 1010 Hoc
2748 946 2950 1011 titulo
2995 946 3289 1009 Severus
3327 944 3397 1006 in
3436 947 3657 1012 numis
3704 947 3829 1013 suis
3861 949 3979 1013 mi-

847 1058 979 1120 mis
1017 1054 1129 1128 iis,
1181 1050 1294 1132 qui
1326 1044 1556 1132 signati
1594 1041 1828 1119 fuere,
1879 1054 2246 1125 autequam
2288 1041 2374 1102 de
2461 1042 2531 1106 hi
2577 1042 2864 1126 cognitis
2912 1039 3167 1108 nonnisi
3209 1059 3389 1105 anuo
3447 1043 3535 1106 V.
3588 1043 3671 1110 C.
3716 1057 3857 1135 954
3886 1046 3983 1108 uti

849 1154 993 1231 ejus
1024 1143 1460 1233 parsimonia,
1512 1151 1580 1203 et
1601 1138 1978 1202 acerbitate
2017 1134 2377 1214 constaret,
2463 1137 2727 1223 incipit.
2779 1143 2869 1202 At
2913 1157 3262 1209 marmora
3305 1156 3460 1225 eum
3487 1141 3628 1220 jam
3666 1143 3737 1204 in
3776 1141 3989 1204 tribu-

847 1242 1224 1307 Pertinacis
1260 1238 1532 1301 nomine
1582 1233 1938 1319 gloriatur.

950 1339 1347 1422 Cognomen
1384 1330 1551 1395 istud
1583 1332 1654 1393 in
1707 1327 2024 1395 omnibus
2079 1330 2223 1409 ejus
2262 1345 2383 1389 nu·

848 1435 982 1500 mis
1023 1432 1181 1494 inde
1219 1429 1310 1492 ab
1353 1428 1546 1491 adito
1575 1426 1959 1510 principatu
1989 1424 2239 1509 legitur
2273 1442 2384 1485 us-

852 1542 1004 1614 que·
1035 1529 1123 1592 ad
1167 1526 1585 1589 tribunatum
1610 1521 1802 1598 vn„
1855 1519 1960 1582 seu
2009 1538 2260 1584 annum
2293 1521 2383 1586 V.

858 1625 939 1690 C.
986 1642 1119 1710 952
1153 1671 1173 1701 ‚
1225 1639 1361 1705 quo
1400 1637 1579 1683 anno
1614 1638 1658 1682 a
1689 1617 2081 1681 succedente
2120 1612 2386 1680 Panhe-

858 1727 914 1788 εἰ
953 1722 1235 1787 Maximi
1300 1716 1499 1780 titulo
1569 1713 1906 1777 extrusum
1971 1710 2098 1794 esi,
2166 1730 2387 1794 neque

863 1817 1187 1902 deinceps
1233 1833 1340 1876 me
1377 1813 1445 1874 in
1484 1810 1626 1873 alio
1662 1828 1866 1872 numo
1900 1808 2124 1893 legere
2151 1809 2387 1887 memi-

858 1915 975 1991 ni,
1067 1913 1347 1995 dempto
1426 1926 1560 1969 uno
1643 1906 1990 1979 maximae
2065 1900 2387 1979 formae,

862 2028 1065 2093 quem
1132 2001 1436 2089 descripsi
1490 2001 1582 2065 ad
1640 2019 1889 2063 annum
1937 1999 2023 2064 V.
2059 1998 2155 2061 C.
2199 2001 2389 2079 960,

861 2106 975 2167 sed
1013 2104 1129 2186 qui
1171 2100 1261 2165 ob
1296 2101 1513 2174 hanc,
1567 2108 1705 2159 tum
1752 2095 1977 2180 plures
2017 2096 2193 2157 alias
2225 2113 2378 2157 cau-

870 2203 969 2264 sas
1002 2197 1170 2261 mihi
1210 2194 1539 2281 suspectus
1578 2192 1886 2255 habetur.
1962 2190 2209 2274 Neque
2247 2208 2393 2253 mo·

861 2313 983 2361 ror
1026 2304 1218 2369 eum‘,
1291 2310 1493 2373 quem
1540 2289 1783 2352 recitat
1834 2287 2271 2364 HarduinuS,
2326 2283 2392 2365 ⁸)

869 2393 982 2474 qui
1020 2390 1343 2452 Severum
1377 2385 1603 2448 adhuc
1634 2384 1702 2446 in
1755 2381 2106 2445 tribunatu
2141 2382 2224 2444 X.
2253 2428 2275 2459 ,
2326 2393 2395 2444 et

869 2486 1214 2551 consulatu
1257 2482 1377 2545 111.
1419 2481 1844 2544 Pertinacem
1885 2477 2211 2561 appellat.
2259 2476 2394 2540 Nu·

865 2602 1019 2647 mus
1053 2579 1270 2643 fertur
1301 2587 1657 2662 argenteus
1679 2621 1699 2653 ,
1751 2566 2215 2659 ac'ptopterea
2245 2584 2392 2634 tan-

866 2692 942 2743 to
980 2676 1199 2762 magis
1241 2673 1610 2757 suspectuS,
1667 2670 1828 2753 quia
1862 2665 2043 2731 forte
2085 2666 2395 2730 subaera-

864 2786 1016 2850 ωε,
1071 2790 1278 2854 quam
1317 2767 1756 2851 suscipiouem
1813 2761 2178 2825 confirmat
2234 2761 2396 2824 scri-

827 2882 1026 2954 ·ptus
1071 2869 1137 2928 in
1176 2877 1460 2947 utraque
1493 2861 1680 2924 numi
1713 2870 1910 2945 parte
1956 2858 2038 2923 P.
2083 2858 2188 2925 M,
2240 2859 2393 2919 titu-

867 2965 999 3029 lus,
1049 2961 1119 3023 Si
1154 2959 1591 3043 spartianum
1629 2953 1872 3017 audias
1901 2999 1921 3031 ‚
1970 2940 2046 3033 b),
2105 2951 2245 3038 ipsc
2280 2953 2399 3017 Se·

866 3077 1074 3122 verus
1109 3073 1358 3117 nomen
1392 3049 1559 3113 istud
1615 3047 2139 3135 abolerivolnit
2169 3096 2189 3126 ‚
2254 3070 2398 3137 que-

867 3154 1143 3220 rimom‘a
1172 3196 1189 3227 ,
1238 3160 1313 3211 ut
1343 3148 1477 3225 ait,
1529 3147 1893 3219 amicorum.
2002 3145 2197 3208 Haec
2240 3165 2393 3208 ora·

868 3252 972 3314 tio
1008 3267 1157 3312 cum
1197 3245 1427 3328 suapte
1462 3241 1631 3305 nihil
1679 3240 1890 3305 habet
1944 3239 2395 3326 probabilita-

867 3347 1006 3422 tis,
1089 3340 1432 3407 constante
1492 3358 1617 3422 per
1669 3357 1905 3401 omnes
1974 3338 2245 3400 ordines
2322 3339 2396 3400 in

868 3442 1304 3506 Pertinacem
1355 3432 1685 3513 adfecta,
1753 3447 1895 3497 tum
1965 3434 2239 3520 copiose
2289 3453 2394 3497 re·

868 3537 1129 3603 futatur
1184 3556 1227 3599 a
1285 3530 1743 3596 marmoribus
1782 3530 2175 3609 veteribus,
2225 3549 2394 3614 quo·

869 3655 1021 3698 rum
1083 3633 1206 3695 ina
1253 3647 1566 3715 quoque,
1640 3647 1818 3712 quae
1888 3626 2005 3697 sub
2071 3630 2211 3707 ejus
2280 3646 2417 3690 exe

735 3810 742 3817 ἡ
873 3730 1115 3791 cess'um
1149 3725 1362 3812 posita
1403 3724 1598 3799 suun,
1650 3726 2038 3788 Pertinacem
2067 3716 2421 3785 Severum⁴

875 3822 1251 3906 appellant.
1313 3819 1571 3901 ·Saepe
1619 3819 1686 3879 in
1728 3819 1948 3882 numis
1995 3817 2173 3882 titan
2211 3830 2393 3881 vete·

872 3935 982 3980 res
1010 3929 1287 4000 propter
1323 3904 1735 3976 contractius
1761 3914 2047 3997 spatium
2083 3934 2127 3977 a
2161 3933 2394 3978 recens

832 4038 842 4047 ·
869 4014 1054 4076 aratis
1089 4011 1246 4075 loco
1271 4021 1650 4081 moventur,
1706 4029 1882 4091 quae
1901 4022 2128 4072 tamen
2155 4029 2196 4071 a
2220 4030 2394 4073 mar·

873 4107 1182 4172 moribus
1217 4103 1454 4167 omnia
1493 4103 1925 4187 recipiuntur.
1980 4105 2092 4168 Sic
2126 4117 2197 4166 et
2233 4107 2403 4170 Par·

2467 1246 2633 1296 natu
2677 1233 2843 1313 111.‚
2895 1236 3004 1299 seu
3044 1239 3129 1302 V.
3174 1232 3257 1297 C.
3321 1245 3484 1316 948.
3531 1235 3730 1301 Piu’nt
3779 1255 3986 1320 agno·

2468 1330 2677 1393 scunt.
2698 1326 2759 1411 ⁰)
2813 1332 2993 1412 Quin
3025 1332 3184 1394 etin
3206 1329 3443 1394 aversa
3476 1350 3831 1398 numorum
3857 1330 3989 1395 Ca·

2468 1424 2771 1490 racallae
2804 1426 3155 1505 Caesaris,
3226 1425 3345 1510 qui
3380 1444 3616 1491 omnes
3658 1440 3817 1492 ante
3864 1446 3987 1490 an·

2470 1541 2635 1585 num
2678 1524 2760 1584 V.
2804 1521 2885 1587 C.
2926 1543 3055 1605 951
3102 1520 3395 1609 percussi
3440 1522 3633 1604 sunt,
3700 1527 3835 1604 iam
3882 1542 3987 1586 re·

2469 1621 2772 1703 perimus
2805 1618 3125 1703 scriptum
3144 1641 3168 1682 z
3218 1618 3571 1682 SEVERI.
3602 1617 3814 1684 AVG.
3843 1617 3999 1682 ΡΠ,

2470 1713 2651 1778 Fu..
2702 1713 2885 1799 Ergo
2906 1718 3047 1796 jam
3084 1716 3351 1799 pridem
3373 1733 3621 1781 nomen
3665 1712 3834 1779 istud
3868 1713 3995 1777 fibi

2469 1809 2824 1895 proprium
2860 1808 3054 1874 fecit.
3097 1815 3185 1874 At
3222 1829 3309 1873 ex
3344 1829 3483 1893 quo
3520 1810 3693 1873 illud
3738 1812 3807 1874 in
3840 1828 3995 1873 mo·

2473 1919 2702 1969 netam
2726 1897 2919 1968 Tuam
2974 1907 3269 1990 recepit,
3320 1926 3533 1990 usque
3596 1907 3687 1970 ad
3731 1907 3997 1969 exitum

2471 2002 2746 2064 retinuit
2767 1998 3164 2065 constanter.
3192 2003 3499 2086 Tempus
3521 2020 3685 2086 ergo
3702 2000 4000 2086 adopta·

2472 2099 2527 2161 ti
2560 2100 2699 2179 ejus
2735 2097 2913 2160 tituli
2949 2097 3129 2161 haud
3166 2094 3374 2159 dubie
3396 2093 3485 2158 est
3514 2099 3657 2179 ejus
3690 2094 4031 2159 tribuna·-

2440 2205 2586 2256 tus
2628 2193 2790 2270 111„
2854 2210 3016 2255 nam
3054 2192 3447 2254 tribunatus
3498 2190 3589 2257 11.
3643 2209 4001 2257 marmora

2477 2291 2711 2352 omnia
2744 2306 2829 2352 eo
2864 2286 3238 2363 abstinent,
3285 2277 3351 2367 ὅ)
3404 2305 3753 2351 marmora
3781 2284 4004 2349 tribu-
4034 2302 4043 2307 ’

2476 2398 2677 2449 natus
2708 2385 2833 2449 111.
2857 2384 2998 2446 alia
3030 2382 3153 2446 isso
3188 2392 3463 2460 carent,
3514 2377 3579 2465 ⁴²)
3626 2382 3769 2446 alia
3806 2380 4005 2446 adse-

2479 2493 2672 2564 runt,
2721 2491 2795 2542 ut
2832 2479 3003 2567 dixi.
3054 2479 3144 2542 Et
3182 2496 3350 2541 vero
3391 2479 3458 2541 in
3506 2479 3748 2542 eodem
3782 2476 4011 2542 tribu-

2480 2590 2643 2640 natu
2683 2576 2847 2654 111„
2897 2594 3137 2660 nempe
3188 2574 3276 2639 V.
3313 2571 3390 2636 C.
3456 2585 3595 2657 948
3660 2574 4007 2648 vidimus,

2481 2672 2806 2734 Severum
2844 2669 2911 2732 se
2944 2671 3043 2731 M.
3073 2668 3359 2732 Aurelio
3393 2669 3856 2753 adoptandum
3883 2667 4011 2729 de-

2479 2767 2683 2845 diss'e,
2710 2777 2807 2829 .et
2853 2765 2980 2828 sese
3043 2766 3112 2833 in
3154 2764 3375 2829 numis
3427 2764 3733 2849 scripliss'e
3777 2764 4011 2833 Dlvl.

2479 2865 2579 2927 M.
2614 2861 2759 2926 Pu.
2811 2861 2868 2923 F
2870 2864 3066 2925 ilium.
3167 2861 3396 2943 Quare
3449 2873 3516 2925 et
3549 2859 3685 2944 ipse
3726 2859 3919 2923 velut
3960 2879 4023 2925 ει

2456 2972 2671 3045 ,patre
2739 2956 3225 3023 hereditarium
3305 2954 3482 3020 huuc
3561 2954 3679 3019 fibi
3722 2952 4015 3023 titulum

2477 3054 2763 3118 adscivit
2800 3073 2951 3116 cum
2996 3051 3150 3115 filiis
3200 3072 3482 3137 quoque
3537 3051 4027 3117 communica-

2474 3163 2617 3215 tum
2644 3199 2671 3231 ,
2716 3163 2787 3215 ut
2822 3148 2899 3211 in
2935 3147 3045 3211 his
3082 3148 3373 3216 dicetur.

3020 3340 3070 3405 I
3080 3360 3122 3404 n
3144 3361 3183 3404 v
3199 3343 3233 3405 ἰ
3240 3362 3273 3406 c
3290 3351 3371 3407 tu
3386 3363 3439 3408 s.

2575 3437 2729 3501 Hoc
2766 3435 2992 3520 eiogio
3026 3437 3391 3500 decoratur
3424 3438 3491 3501 in
3524 3434 3761 3502 aversa
3804 3436 4027 3502 numi

2481 3532 2696 3597 Getae
2756 3532 3058 3595 Caesaris
3082 3555 3103 3594 ε
3193 3532 3544 3598 SEVERI.
3615 3529 4036 3601 INVICTI.

2479 3628 2694 3693 AVG.
2731 3618 2875 3707 ΡΠ.
2921 3627 3146 3705 F1L.‚
3196 3629 3355 3692 item
3418 3630 3488 3691 in
3541 3647 3746 3691 numo
3797 3627 4035 3710 supra.

2480 3727 2562 3787 V.
2609 3724 2683 3790 C.
2709 3738 2852 3809 954
2885 3725 3247 3808 descripto,
3294 3724 3362 3785 in
3392 3726 3581 3805 cuius
3613 3722 3837 3787 antica
3855 3721 4039 3804 ipse

2479 3819 2930 3885 etCaracalla
2967 3821 3319 3882 dicuntur:
3373 3813 4037 3886 IMPP.1NV10T1.

2481 3916 2623 3982 ΡΠ.
2655 3914 2930 3979 AVGG.
2966 3915 3205 3978 Numis
3227 3915 3408 3978 adde
3444 3914 3792 3998 complura
3814 3932 4041 3976 mar-

2483 4027 2710 4076 mora.
2789 4010 3093 4074 Titulum
3133 4010 3313 4073 hunc
3350 4010 3464 4075 sibi
3497 4008 3879 4095 promeruit
3926 4030 4043 4075 ex

2482 4106 2671 4170 bello
2750 4106 3069 4171 Parthico
3150 4105 3407 4171 summa
3471 4107 3719 4170 virtute
3790 4103 4047 4189 geste.

876 4202 1104 4269 thIcum
1142 4204 1502 4269 Maximum
1545 4199 1730 4264 haud
1773 4199 1991 4263 multo
2035 4199 2243 4263 serius
2280 4222 2396 4265 ex-
2482 4204 2559 4265 In
2594 4205 2814 4267 numis
2866 4203 3359 4287 imperatorum
3405 4201 3746 4268 inferioris
3804 4205 3991 4267 aevi
4017 4251 4051 4285 v

876 4300 1063 4363 trusit
1106 4297 1325 4363 PIVS.
2473 4300 2840 4384 praecipue
2876 4298 3132 4379 Probi,
3177 4299 3286 4363 hic
3330 4298 3563 4363 titulus
3605 4296 3887 4363 obvius.

859 4534 4047 4567 W

952 4637 1011 4701 a)
1054 4633 1181 4695 Hm.
1220 4637 1363 4706 Aug.
1405 4631 1479 4686 ad
1520 4634 1591 4691 V,
1634 4634 1697 4685 C.
1730 4635 1819 4702 56.
2089 4630 2148 4694 b)
2188 4634 2244 4683 in
2282 4630 2487 4685 Severo
2526 4650 2572 4685 c.
2612 4651 2663 4700 7.
2894 4636 2941 4700 e)
2976 4634 3132 4686 Grut.
3164 4651 3227 4701 p.
3267 4634 3385 4684 266.
3422 4633 3474 4683 6.
3511 4622 3803 4681 Chandler
3838 4626 4051 4684 laser.

871 4715 997 4765 ant,
1033 4721 1093 4777 p.
1135 4724 1217 4775 ²7·
1417 4700 1473 4769 d)
1516 4702 1711 4754 Gruter
1745 4703 1961 4772 p.'263.
1999 4717 2150 4754 num.
2186 4717 2241 4770 3.
2275 4715 2328 4765 4.
2360 4717 2420 4772 5.
2456 4704 2508 4757 6.
2700 4703 2755 4772 e)
2793 4700 2936 4757 Ibid.
2972 4720 3031 4775 p.
3068 4718 3156 4767 4ο.
3197 4701 3523 4760 12.·Murat,
3556 4715 3616 4769 p.
3662 4706 3793 4764 289.
3830 4711 3891 4749 a.
