4242 5459
1415 476 2316 580 AVRELIA'NVS.

278 680 461 761 ann-o
504 696 590 761 V.
637 695 712 763 C.
766 711 984 780 1024,
1041 696 1265 766 factus
1330 701 1419 766 est
1482 702 1803 788 Augustus

278 813 463 856 anno
511 800 961 877 praecedente
1016 818 1235 881 1023,
1324 821 1610 884 cumque
1663 801 1804 862 suc-

3270 521 3412 593 485
3453 601 3460 607 .

1894 703 2252 767 tercessill'e
2296 696 2596 762 referunt
2630 695 2958 784 Vopiscus
3019 710 3086 761 et
3120 710 3400 784 uterque

1878 803 2165 864 Victor?
2221 800 2392 881 Ergo
2433 796 2470 857 fi
2509 817 2740 858 verum
2793 793 2880 857 est
2937 796 3178 857 horum
3231 796 3403 859 testi·

278 890 493 951 cess'or
546 895 685 969 ejus
749 895 1032 956 Tacitus
1107 896 1492 978 processerit
1576 895 1805 959 consul
1885 901 2233 972 monium,
2287 893 2537 956 necess'e
2569 892 2652 954 est
2704 895 2949 963 etiam,
3031 912 3280 954 annum
3342 896 3398 955 A

283 1004 465 1047 anno
499 988 589 1048 V.
628 986 705 1050 C.
760 1008 982 1072 1029,
1050 988 1272 1054 factus
1317 995 1375 1055 is
1437 992 1801 1076 eli-Augu*

285 1078 411 1141 stus
455 1100 633 1168 anno
676 1086 984 1167 proxime
1046 1086 1384 1170 superiore
1437 1099 1652 1166 1028,
1706 1090 1799 1148 ni-

284 1176 531 1237 mirum
562 1199 648 1240 ex
686 1179 976 1243 instituto
1025 1196 1299 1258 vetere,
1350 1205 1487 1266 quo
1537 1187 1634 1259 is,
1685 1183 1798 1267 qui

281 1272 643 1353 imperium
693 1275 1003 1358 suscepit,
1090 1282 1416 1361 proximis
1475 1281 1799 1343 Kalendis

286 1368 551 1432 Ianuar.
581 1372 809 1433 consul
836 1372 1089 1456 semper
1110 1379 1468 1460 processit.
1524 1378 1626 1438 Ex
1665 1396 1799 1460 quo

286 1460 621 1545 efficitur,
689 1469 1041 1552 imperasse
1098 1493 1249 1533 eum
1321 1477 1514 1535 annis
1571 1473 1801 1535 solidis

285 1573 624 1639 quatuor,
692 1565 935 1645 quibus
1008 1568 1325 1631 addenda
1392 1590 1549 1653 pars
1642 1571 1800 1632 anni

293 1673 496 1736 1023,
549 1676 685 1737 quo
723 1660 942 1720 dictus
984 1659 1073 1721 est
1119 1663 1486 1749 Augustus,
1539 1677 1606 1727 et
1640 1686 1797 1748 pars

282 1751 440 1810 anni
495 1763 710 1826 1023,
776 1773 915 1834 quo
968 1757 1285 1833 decessit,
1360 1781 1445 1822 ex
1503 1781 1641 1845 quo
1697 1774 1797 1825 ta-

279 1863 432 1905 men
505 1866 684 1908 anno
744 1848 1107 1931 posteriore
1167 1858 1508 1918 eximendi
1572 1858 1797 1921 adhuc

277 1938 422 2000 sunt
462 1940 575 2003 sex
632 1945 882 2005 menses
925 1947 1283 2031 interregni
1330 1955 1467 2028 ejus
1509 1966 1795 2014 mortem

274 2035 650 2109 consecuti,
704 2039 786 2101 de
823 2060 958 2123 quo
1002 2046 1162 2104 vide
1189 2046 1507 2107 Tacitum
1553 2046 1799 2110 succes-

278 2128 531 2206 sorem,
618 2144 685 2194 et
744 2154 901 2219 pars
959 2139 1256 2223 reliqua,
1331 2161 1507 2225 quae
1545 2144 1795 2205 Tacito

280 2230 450 2308 Aug.
493 2226 798 2293 debetur.
854 2233 1233 2314 Videndum
1279 2240 1458 2317 jam,
1511 2240 1670 2322 quid
1709 2241 1799 2302 ad

275 2319 410 2382 hoc
453 2341 740 2386 examen
780 2325 1136 2392 conferant
1176 2337 1389 2396 numi.
1658 2416 1661 2417 ⁷

372 2416 551 2493 Eos,
607 2422 719 2502 qui
760 2421 901 2485 sunt
931 2428 1294 2490 commatis
1338 2431 1655 2508 Romani,
1695 2432 1794 2494 ni-

276 2510 373 2573 hil
417 2511 724 2576 conf'erre
758 2521 966 2601 opis,
1041 2524 1202 2605 quin
1273 2523 1793 2610 chronologiam

278 2607 554 2670 turbare
602 2613 870 2692 potius,
918 2618 1052 2694 jam
1082 2617 1276 2701 supra
1314 2621 1404 2682 ad
1444 2642 1684 2685 numos
1718 2625 1791 2686 Ρ.

274 2702 365 2765 Μ.
399 2705 546 2766 TR.
586 2707 660 2769 P.
709 2720 831 2772 etc.
879 2716 1280 2780 memoravi.
1362 2716 1594 2779 Simile
1626 2721 1795 2797 judi·

274 2801 455 2860 cium
529 2801 613 2862 de
678 2806 1173 2885 marmoribus,
1256 2832 1430 2895 quae
1502 2811 1799 2878 offerunt

277 2892 603 2958 Gruterus
641 2909 707 2959 et
728 2901 1188 2981 MuratoriuS,
1241 2907 1571 2992 inquibus
1604 2930 1790 2992 prae-

272 3002 374 3052 ter
429 2991 650 3073 lapsus
702 3015 984 3073 eorum,
1054 3003 1169 3084 qui
1230 3022 1317 3064 ea·
1366 3003 1733 3087 vulgavere
1773 3055 1792 3085 ,

274 3081 539 3148 metuas
584 3091 792 3152 etiam
829 3092 1078 3170 fidem,
1132 3098 1318 3178 quod
1370 3098 1794 3165 Panviniana

272 3181 599 3266 pleraque
622 3183 785 3262 sunt,
838 3201 956 3251 aut
979 3190 1451 3275 Hispanienfia.
1505 3199 1791 3261 Vnicum

269 3278 627 3363 subsidium
692 3301 735 3343 a
781 3286 999 3347 numis
1059 3288 1554 3354 Alexandrinis.
1659 3293 1792 3354 Ex-

274 3370 443 3436 stant
477 3375 545 3437 id
584 3396 790 3459 genus
838 3383 1184 3445 Aureliani
1243 3386 1427 3467 numi
1475 3406 1519 3447 a
1580 3387 1661 3450 L.
1724 3395 1793 3452 A.

272 3489 486 3552 usque
526 3471 606 3532 L.
656 3494 732 3554 ς,
804 3476 909 3537 seu
960 3477 1049 3540 ab
1093 3486 1272 3542 anno
1326 3481 1380 3546 I.
1444 3501 1654 3566 usque
1706 3486 1793 3547 ad

272 3568 384 3631 vl.
437 3564 708 3630 Certum
756 3569 884 3646 est,
940 3593 1180 3638 numos
1214 3577 1565 3662 inscriptos
1612 3578 1686 3641 1..
1716 3586 1790 3643 A.

264 3660 457 3723 fuisse
492 3661 783 3747 signatos
823 3682 977 3731 ante
1012 3672 1265 3733 exitum
1305 3673 1575 3757 Augusti
1604 3678 1681 3738 V.
1716 3676 1791 3740 C.

278 3776 486 3841 1023.
540 3760 719 3825 Nam
767 3762 939 3841 esto,
998 3786 1115 3829 eos
1166 3767 1308 3850 post
1348 3768 1481 3832 hoc
1516 3784 1787 3856 tempus

269 3853 397 3914 eil'e
435 3859 809 3935 percuffos,
862 3865 1255 3949 eir-cognito
1284 3865 1778 3955 Alexandrino-

270 3967 421 4009 rum
483 3950 745 4018 calculo
782 3977 996 4021 annus
1051 3980 1118 4035 ς,
1175 3961 1279 4022 seu
1316 3962 1429 4024 VI.
1463 3965 1787 4048 inciperet

264 4055 555 4105 exeunte
616 4049 1030 4133 Augusto-V.
1080 4055 1153 4119 C.
1208 4071 1381 4129 ¹028
1416 4105 1435 4132 ,
1490 4070 1557 4120 et
1602 4063 1781 4141 quod

263 4137 595 4222 sequitur,
682 4142 813 4205 hoc
877 4149 1101 4212 adhuc
1162 4166 1473 4239 tempore
1523 4156 1786 4218 vixisset

267 4235 693 4299 Aurelianus,
798 4244 1041 4304 Verum
1084 4245 1120 4305 li
1160 4246 1364 4324 istud,
1418 4271 1552 4333 qua
1579 4253 1782 4313 ratio·

258 4346 345 4391 ne
377 4332 535 4392 huic
578 4334 801 4414 adhuc
860 4357 1038 4401 anno
1091 4341 1451 4407 inseremus
1502 4350 1782 4410 interre-

1883 995 2216 1073 pertinere
2258 993 2347 1052 ad
2401 1000 2664 1069 tempus
2708 988 2887 1049 diem
2930 988 3166 1051 XXIX.
3218 1009 3397 1051 men·

1877 1086 1957 1148 fis
1991 1084 2262 1170 Augusti
2307 1085 2462 1148 anni
2497 1086 2577 1149 V.
2624 1083 2698 1153 C,
2741 1103 2917 1163 1023
2960 1087 3394 1173 praecedenS,

1881 1184 2170 1267 coepisse
2207 1195 2347 1243 tum
2397 1201 2644 1242 annum
2683 1181 2735 1240 B
2762 1227 2779 1252 ,
2833 1200 2913 1241 ac
2969 1181 3242 1243 demum
3271 1201 3394 1242 an..

1881 1299 2040 1339 num
2081 1298 2113 1346 ς
2166 1278 2428 1341 initium
2465 1278 2708 1337 ducere
2738 1277 2823 1337 ab
2858 1278 3099 1337 eodem
3138 1276 3246 1338 die
3278 1298 3393 1338 an·

1882 1375 1949 1436 ni
1987 1394 2190 1457 1027,
2245 1393 2380 1459 quo
2416 1372 2728 1444 labente,
2785 1371 2889 1433 sed
2928 1392 3104 1433 anno
3131 1372 3392 1435 [uliano

1890 1484 2069 1544 1028
2114 1471 2341 1534 caesus
2373 1466 2459 1530 est
2504 1468 2928 1532 Aurelianae.
3010 1467 3237 1548 Quare
3276 1490 3395 1531 nu-

1882 1569 1975 1626 mi
2026 1566 2469 1628 Alexandrini
2516 1582 2665 1625 cum
2705 1561 3166 1643 historicorum
3225 1564 3396 1648 testi-

1878 1664 2130 1724 moniis
2174 1675 2354 1725 recte
2397 1658 2799 1743 conspirant.
2853 1659 3115 1721 Etenim
3166 1661 3393 1723 caesus

1879 1756 1966 1817 est
2004 1759 2408 1820 Aurelianus
2450 1755 2716 1818 circiter
2766 1756 2992 1816 medio
3034 1759 3288 1819 Martio
3315 1762 3392 1825 V.

1880 1851 1955 1914 C.
2008 1866 2230 1928 1028,
2286 1872 2421 1935 quo
2468 1865 2775 1934 tempore
2835 1849 3032 1914 fluxit
3105 1854 3393 1916 Alexan-

1879 1949 2224 2011 drinorum
2261 1967 2475 2009 annus
2520 1943 2683 2022 VL,
2734 1946 2892 2006 inde
2944 1948 3394 2032 interregnum

1877 2045 1993 2106 Vs.
2043 2042 2400 2116 mentium,
2455 2060 2590 2124 quo
2644 2052 2889 2102 exacto
2945 2042 3194 2105 electus
3256 2048 3396 2123 Ta·¹

1879 2140 2048 2200 citus
2092 2140 2200 2198 die
2251 2140 2457 2200 XXV.
2508 2135 2947 2218 Septembris,
3002 2149 3072 2196 ut
3111 2136 3393 2219 dicetur,

1877 2254 1958 2296 ac
1996 2246 2135 2297 tum
2169 2235 2364 2294 huius
2401 2233 2584 2293 numi
2637 2225 3091 2293 Alexandriae
3162 2234 3397 2318 [ignari

1875 2348 2165 2411 coepere
2215 2347 2363 2390 cum
2402 2346 2581 2389 anno
2609 2327 2690 2389 A.
2742 2327 2843 2388 Ex
2875 2346 3008 2410 quo
3050 2343 3282 2412 aperte
3314 2331 3412 2395 lim

1875 2438 2070 2509 quet,
2129 2426 2311 2508 quod
2348 2425 2488 2502 jam
2527 2424 2591 2484 in
2629 2419 2919 2484 Claudio
2958 2421 3253 2488 Gothico
3297 2429 3392 2490 in..

1873 2522 2030 2595 nui,
2082 2540 2325 2582 numos
2368 2518 2866 2581 Alexandrinos
2924 2516 3193 2582 Claudii
3238 2542 3392 2587 cum

1876 2636 2055 2679 anno
2097 2622 2149 2680 Δ
2187 2616 2408 2679 locum
2451 2615 2704 2676 habere
2734 2633 2867 2676 non
2905 2614 3111 2699 posse,
3166 2636 3245 2678 ac
3279 2620 3390 2682 de-

1875 2715 2077 2797 nique
2148 2732 2361 2775 annos
2426 2711 2538 2773 Vl.
2609 2711 2912 2793 imperii,
2984 2730 3152 2794 quos
3211 2717 3390 2778 varii

1870 2803 2226 2894 scriptores
2285 2807 2647 2870 Aureliano
2705 2805 3047 2885 tribuunt,
3124 2808 3395 2875 admitti

1874 2925 2010 2969 non
2048 2905 2254 2990 posse,
2299 2903 2447 2981 nili,
2502 2904 2685 2986 quod
2721 2902 3136 2985 ignoramus,
3189 2903 3389 2968 Clau-

1876 3003 2026 3065 dius
2072 3022 2234 3064 mox
2269 3002 2538 3062 ineunte
2571 3017 2750 3062 anno
2793 3000 2871 3064 V.
2896 2996 2969 3061 C.
3011 3019 3182 3082 ¹⁰23
3218 3018 3392 3063 mor·

1875 3111 2026 3161 tuus
2066 3096 2424 3173 statuatur,
2479 3106 2544 3157 et
2586 3095 2797 3177 ipsum
2861 3096 3065 3156 etiam
3110 3098 3393 3158 interre-

1875 3214 2074 3278 gnum
2118 3190 2645 3263 sex·men[ium,
2720 3190 2905 3268 qu'od
2954 3187 3162 3250 visum
3232 3210 3391 3253 non-

1876 3288 2075 3350 nullis
2118 3286 2435 3362 eruditis,
2487 3283 2711 3344 adhuc
2745 3301 2787 3343 a
2820 3281 3252 3364 scriptoribus
3278 3285 3392 3347 sub

1873 3382 2222 3445 Aureliani
2291 3379 2578 3465 imperio
2642 3378 3189 3460 comprehensum
3254 3381 3387 3455 est,

1875 3496 2266 3562 quanquam
2306 3477 2418 3538 vel
2447 3486 2586 3536 tum
2611 3473 2991 3535 [exennium
3026 3471 3187 3535 istud
3227 3492 3388 3538 non-

1874 3574 1988 3637 nin
2022 3573 2507 3656 incompletum
2553 3568 3056 3653 intelligendum
3101 3571 3247 3632 erit.

1975 3674 2063 3732 At
2112 3671 2291 3731 enim
2326 3667 2728 3748 descriptum
2770 3666 2878 3727 hic
2934 3665 3236 3726 ordinem
3279 3686 3381 3729 ur-

1871 3780 1983 3852 get
2017 3764 2385 3828 difficultas
2429 3781 2564 3824 non
2600 3761 2767 3822 levis
2794 3806 2813 3835 ‚
2887 3778 3129 3843 nempe
3185 3762 3381 3826 Seve.

1868 3865 2095 3942 rinae,
2145 3881 2320 3947 quae
2360 3872 2549 3921 certa
2595 3855 2726 3918 fuit
2769 3854 3112 3918 Aureliani
3170 3879 3382 3941 uxor,

1868 3961 2051 4023 numi
2090 3957 2574 4031 Alexandrini,
2624 3954 2806 4034 iique
2849 3953 3035 4014 obvii
3072 3972 3221 4016 cum
3255 3976 3383 4019 an..

1866 4078 1954 4121 no
2002 4060 2053 4117 Z
2090 4055 2199 4117 seu
2238 4054 2388 4116 Vll.
2414 4096 2433 4127 ,
2488 4071 2573 4113 ex
2602 4068 2737 4133 quo
2761 4047 3171 4132 sequeretur,
3217 4071 3381 4135 quo·

1864 4155 2048 4216 niam
2088 4170 2301 4212 annus
2343 4152 2391 4210 Z
2446 4149 2599 4209 duci
2636 4165 2768 4208 non
2807 4147 3066 4231 potuit,
3122 4147 3260 4208 nisi.
3291 4147 3380 4209 ab

1867 4260 2154 4313 exeunte
2201 4242 2486 4331 Augusto
2524 4244 2682 4306 anni
2722 4242 2797 4303 V.
2855 4240 2927 4303 C.
2980 4254 3193 4315 1028,
3243 4260 3377 4303 ne-

1864 4368 1993 4430 que
2033 4344 2475 4426 Augustarum
2495 4342 2698 4402 numi
2736 4335 2848 4399 nifi
2902 4336 3065 4397 vivo
3131 4338 3379 4399 marito

256 4445 464 4510 gnum
520 4430 1023 4511 V1.menfium,
1072 4439 1259 4520 quod
1302 4441 1473 4503 inter
1514 4446 1771 4507 Aureli·
1852 4441 2041 4506 feriri
2108 4441 2557 4514 consuevere,
2647 4432 3082 4540 Aurelianum·
3146 4431 3378 4539 saltem

255 4512 375 4583 ani
416 4538 707 4590 mortem
733 4574 751 4607 ,
825 4544 893 4593 et
934 4533 1159 4595 Taciti
1217 4534 1619 4604 electionem
1675 4544 1770 4605 in·
1858 4559 2067 4624 usque
2112 4538 2202 4601 ad
2237 4538 2491 4599 dictum
2537 4528 3028 4617 Augusti‘diem
3060 4525 3250 4592 suill'e
3288 4528 3381 4588 su-
