4242 5459
1376 594 2363 675 TREBONIANVS.

315 789 539 853 sentiri
600 786 911 855 Trissano
980 792 1362 859 forficulam
1428 796 1834 863 decernenti.

310 884 504 948 Haec
523 907 658 971 qua
693 891 957 951 ratione
993 893 1080 953 ad
1119 894 1441 955 Iunonem
1472 897 1837 974 pertineat,

310 979 705 1045 vetustiores
773 987 1153 1072 mythologi
1223 1009 1358 1052 non
1423 993 1834 1068 meminere,

307 1094 940 1154 commemoravere
978 1094 1207 1157 tamen
1241 1084 1453 1148 infimi
1480 1091 1638 1149 aevi
1677 1088 1833 1150 scri-

303 1183 542 1256 ptores
604 1173 874 1242 Graeci.
992 1180 1098 1244 Ita
1167 1194 1446 1258 auctor,
1545 1186 1660 1265 qui
1742 1180 1833 1246 est

302 1268 375 1330 in
419 1272 786 1335 Anecdotis
849 1270 1128 1340 Graecis
1188 1289 1465 1342 curante
1518 1277 1839 1342 Villoiso-‘

300 1363 423 1426 nio
470 1368 712 1446 editis„
748 1369 817 1452 θ)
869 1389 1020 1434 cum
1077 1375 1350 1437 Iunonis
1404 1374 1826 1439 simulacrum

303 1459 667 1540 describit,
711 1467 896 1549 quod
937 1481 1084 1531 erat
1133 1473 1317 1556 apud
1362 1476 1604 1555 Argos,
1656 1471 1829 1533 haec

299 1554 534 1623 addit:
588 1554 619 1623 ὃ
683 1581 785 1624 και
852 1560 1086 1641 thamam
1142 1571 1390 1647 χαλκην
1439 1559 1829 1641 ἁνεξασταξεν

299 1642 422 1716 ἀπο
529 1658 894 1743 μεταφορας
1004 1679 1110 1740 της
1189 1682 1460 1743 κειρεσης
1556 1660 1822 1741 ψαλιδος

298 1766 413 1827 τας
444 1772 698 1836 τριχας,
766 1774 871 1817 και
934 1757 1201 1841 καθαρον
1246 1750 1709 1840 ἀποδεικνυεσης
1753 1778 1818 1821 το

299 1868 519 1930 σωμα,
592 1851 710 1914 ἐπει
764 1841 795 1913 ὃ
836 1843 949 1934 ἁηρ
1019 1855 1334 1937 καθαιρει,
1388 1853 1471 1930 ἐις
1528 1846 1593 1915 ὃν
1645 1848 1821 1936 ἀλη-

296 1964 558 2028 γορειται
611 1938 648 2027 ἡ
696 1949 877 2024 Ηρα,
928 1946 1097 2031 quod
1133 1947 1623 2031 (simulacrum)
1662 1951 1820 2034 for-

263 2041 537 2129 ficulam
574 2060 813 2128 quoque
843 2062 1093 2106 aeneam
1145 2043 1429 2129 gestabat
1463 2043 1650 2108 ducta
1700 2065 1818 2107 me·

285 2137 570 2223 taphora
628 2158 669 2203 a
706 2137 1007 2226 forficulu
1068 2141 1317 2223 capillos
1367 2140 1649 2203 tondente
1669 2186 1688 2217 ,
1760 2149 1820 2203 et

287 2256 524 2319 corpus
557 2252 598 2301 a
608 2234 905 2323 sordibus
940 2245 1262 2320 purgante
1285 2260 1309 2299 .-
1360 2255 1471 2299 aer
1509 2238 1663 2301 enim
1699 2257 1822 2319 pu-

280 2332 541 2415 rificat,
592 2331 771 2419 cajus
795 2330 1140 2416 symbolum
1185 2334 1258 2414 est
1318 2332 1503 2395 Iuno.
1579 2332 1818 2394 Eidem

286 2428 658 2491 sententiae
699 2426 993 2489 consona
1020 2428 1330 2513 scripsere
1371 2428 1575 2489 etiam
1614 2427 1819 2490 Codi-

278 2539 420 2587 nus
436 2511 539 2601 ,¹')
594 2536 661 2586 et
693 2522 942 2586 Suidas
968 2528 1033 2604 ⁰)
1081 2527 1223 2604 iam
1260 2527 1622 2588 memorati
1659 2522 1818 2586 Tri-

286 2619 503 2683 stano.
557 2619 768 2697 Illud,
824 2622 1007 2702 quod
1066 2619 1329 2683 laudati
1376 2619 1445 2680 hi
1497 2632 1815 2684 auctores

288 2713 529 2794 ψαλιόα
578 2727 868 2790 vocant,
946 2714 1261 2779 Clemens
1314 2716 1818 2805 Alexandrinus

288 2825 507 2875 vocat
539 2813 642 2876 δυο
666 2832 986 2896 μαχαιρας
1020 2832 1134 2890 τας
1175 2831 1461 2900 κερικας,
1509 2813 1668 2879 duos
1695 2811 1813 2877 cul·

274 2916 431 2973 tros
463 2909 802 2996 tofforios,
854 2927 990 2991 quo
1060 2908 1220 2971 loco
1286 2910 1661 2994 praecipit,
1712 2907 1814 2974 vi·

284 3020 521 3067 rorum
571 3005 859 3068 barbam
899 3024 1031 3067 non
1071 3005 1194 3067 ess'e
1245 3005 1631 3081 novacula,
1698 3002 1813 3068 sed

283 3098 536 3166 duabus
559 3099 894 3188 forficibus
922 3102 1233 3187 tonsorum
1272 3101 1729 3167 resecandam.
1750 3090 1813 3174 ¹¹)

282 3197 566 3262 Revera
624 3199 692 3259 in
757 3196 862 3258 his
930 3196 1150 3263 numis
1208 3196 1463 3280 duplex
1521 3206 1813 3282 apparet

280 3290 611 3354 forficula
650 3294 786 3372 ejus
822 3289 1124 3369 formae,
1180 3296 1367 3375 cujus
1423 3292 1566 3354 sunt
1609 3292 1811 3366 illae,

280 3384 543 3472 quibus
573 3388 644 3448 in
672 3385 900 3450 nostris
936 3389 1130 3451 terris
1157 3407 1321 3450 oves
1353 3388 1809 3450 attondentur.

281 3484 371 3548 I'n
424 3483 723 3568 parodia
760 3480 1186 3562 Catulliana,
1259 3503 1434 3567 quae
1496 3480 1708 3545 exstat
1741 3483 1811 3544 in

280 3579 357 3657 in
390 3577 773 3642 'Catalectis
812 3579 1120 3667 Virgilii,
1172 3583 1315 3663 ejus
1361 3576 1716 3642 forficulae
1745 3589 1812 3640 et

278 3673 517 3738 forma
550 3687 617 3737 et
647 3676 798 3740 usus
840 3676 1181 3761 eleganter
1227 3673 1661 3749 describitur3

388 3828 458 3894 V
458 3827 524 3893 bi
555 3831 695 3913 ifle,
742 3831 872 3922 post
913 3828 1232 3906 Sabinus,
1283 3837 1430 3893 ante
1466 3829 1759 3915 Quinctio

384 3924 642 3989 Bidente
671 3925 823 3990 dicit
854 3924 1185 4014 adtondeffi
1200 3924 1452 4011 forcipe

387 4021 644 4086 Comata
690 4022 838 4087 colla
864 4069 883 4098 ‚
936 4042 1010 4085 ne
1030 4042 1155 4107 qua
1160 4021 1510 4108 sordidum,
1536 4022 1706 4105 jugo

374 4116 736 4196 anente,
789 4117 955 4183 dara
990 4119 1217 4183 vulnus
1252 4117 1454 4183 ederet
1484 4116 1657 4200 juba.

260 4255 620 4338 Lepidum
656 4251 745 4316 est
806 4226 1274 4338 epigramma,
1345 4252 1530 4335 quod
1591 4247 1810 4313 exstat

257 4355 341 4417 in
391 4351 740 4414 Analectis
775 4350 1097 4413 Brunckii
1128 4371 1145 4412 ι
1186 4349 1247 4427 ⁶)

337 4563 403 4626 a)
443 4561 611 4614 Tom.
658 4561 706 4614 1.
744 4578 803 4629 p.
845 4571 967 4623 ⁹08.

251 4658 323 4697 ι.
348 4657 441 4705 n,
515 4642 571 4711 e)
614 4638 743 4695 Vol.
767 4639 1022 4711 1{1‚p.9,
1084 4635 1139 4706 f)
1168 4636 1238 4690 ·L.
1255 4637 1306 4701 1,
1323 4653 1477 4706 e.31.

1162 4557 1218 4619 b)
1259 4557 1328 4611 de
1367 4560 1496 4629 orig.
1535 4560 1955 4626 Constantinop

1561 4638 1611 4707 g)
1648 4636 1816 4689 Pierr.
1816 4650 1992 4706 grav.
2011 4629 2358 4687 chtol'chiu
2379 4626 2555 4703 praef
2576 4643 2635 4703 p
2655 4626 2817 4680 xlv.
2840 4623 3095 4689 monum
3117 4636 3227 4679 ant
3251 4644 3308 4696 p.
3335 4640 3419 4694 13

3305 631 3446 696 359

2016 804 2270 881 Λμητος
2302 803 2492 877 πολυς
2527 800 2650 864 ἐστι
2677 819 2987 881 τεηνκατα
3007 780 3253 866 δασκὶὸν
3282 795 3436 882 ὅφιν.

2016 896 2140 975 Τῳ
2185 915 2252 960 σε
2283 916 2408 981 χρη
2452 895 2818 977 ὄρεπανοισι,
2871 918 2973 962 και
3030 891 3061 961 ἒς
3116 895 3438 975 apameam

2971 1012 3244 1077 καρηναι.

2014 1089 2218 1178 Meffis
2246 1087 2443 1152 multa
2487 1090 2564 1175 13st
2602 1092 2828 1153 circum
2876 1099 3051 1154 tuam
3071 1088 3437 1176 umbrosam

2015 1277 2231 1366 Quare
2241 1279 2529 1367 salczbus
2551 1326 2569 1357 ,
2620 1237 2744 1344 noer
2763 1185 3434 1441 [ονῇὲζιῖἕεῆἕςωσάιοη-

2984 1378 3100 1441 den
3145 1399 3242 1444 us.

1909 1571 2009 1633 En
2044 1571 2423 1647 rationem,
2471 1582 2754 1655 propter
2784 1589 2989 1654 quam
3044 1570 3283 1632 addita
3332 1570 3438 1631 Iu·

1909 1669 2067 1729 noni
2107 1665 2463 1742 forficula,
2517 1680 2720 1749 atque
2750 1667 2922 1729 haec
2962 1679 3233 1749 urgente
3261 1684 3434 1729 nunc

1907 1761 2310 1847 pestilentia,
2363 1763 2470 1824 cui
2503 1764 2753 1825 mederi
2787 1762 2966 1847 poil'e
3002 1761 3432 1837 credebatur,

1906 1857 2219 1943 lingulari
2267 1877 2310 1921 a
2363 1859 2692 1920 Romanis
2733 1857 2916 1922 cultu
2974 1868 3280 1920 mactata
3320 1853 3432 1919 est„

1905 1953 2111 2031 Dixi,
2165 1955 2233 2015 in
2279 1954 2616 2015 nonnullis
2661 1955 2852 2033 hujus
2898 1952 3432 2037 generis'numis

1905 2051 2099 2127 juxta
2136 2048 2428 2131 conspici
2459 2049 2595 2111 duo
2625 2047 2912 2111 adversa
2941 2046 3149 2109 boum
3178 2047 3429 2131 capita.

1905 2143 2163 2205 Narrat
2192 2143 2372 2205 idem
2410 2156 2649 2206 auctor
2686 2141 2987 2205 Graecus
3024 2142 3091 2203 in
3133 2142 3431 2204 laudatis

1902 2238 2104 2323 supra
2150 2238 2559 2315 AnecdotiS,
2613 2240 2809 2324 Argis
2855 2235 3020 2299 stato
3072 2237 3183 2297 die
3216 2236 3430 2298 sacer-

1906 2334 2135 2396 dotem
2177 2331 2504 2396 feminam
2548 2335 2616 2397 in
2649 2353 2844 2398 curru
2878 2330 3185 2395 candidis
3207 2329 3430 2394 bobus

1896 2433 2131 2510 juncto
2165 2428 2253 2491 ad
2299 2427 2430 2491 hoc
2468 2429 2743 2493 Iunonis
2787 2429 3208 2491 simulacrum
3236 2425 3428 2489 fuiil'e

1904 2525 2312 2601 deductam,
2367 2523 2484 2607 qui
2537 2546 2689 2589 cum
2747 2518 3121 2609 aliquanjo
3173 2525 3264 2587 ad
3315 2543 3432 2585 ve-

1903 2632 2166 2684 cturam
2208 2617 2471 2705 praesto
2504 2642 2638 2685 non
2674 2620 2898 2696 essent,
2951 2621 3022 2681 in
3056 2638 3289 2680 eorum
3324 2617 3424 2681 lo-

1902 2736 2056 2779 cum
2084 2716 2442 2781 success'ere
2474 2716 2751 2782 Cleobis
2791 2728 2858 2778 et
2887 2717 3091 2778 Biton
3132 2713 3424 2778 fratrum

1900 2831 2029 2898 par
2063 2814 2269 2875 tantis
2322 2812 2410 2876 ab
2460 2813 2818 2876 Herodoto
2867 2821 3146 2896 propter
3205 2812 3421 2899 pieta-

1900 2920 2037 2972 tem
2086 2907 2406 2972 laudibus
2454 2908 2893 2973 celebratum.
2931 2896 2989 2989 f)

1998 3002 2136 3067 Cur
2164 3024 2331 3068 vero
2367 3008 2610 3071 eadem
2662 3006 2835 3069 haec
2872 3004 3040 3068 Iuno
3079 3006 3265 3069 dicta
3323 3003 3435 3068 fu·

1900 3100 2027 3163 erit
2058 3100 2434 3185 Martiam,
2484 3102 2785 3166 nondum
2833 3101 2988 3163 satis
3047 3102 3430 3186 comperire

1897 3197 2115 3282 potui.
2167 3195 2731 3261 Winkelmannus
2809 3196 2986 3259 binis
3054 3195 3224 3260 locis
3286 3200 3428 3278 ejus

1900 3291 2325 3376 cognominis
2396 3293 2667 3355 causam
2738 3291 3085 3376 explicare
3134 3291 3430 3353 tentavit

1901 3385 2319 3471 applicando
2392 3385 2675 3465 Iunoni,
2748 3387 2933 3470 quod
3005 3397 3270 3447 veteres
3341 3386 3446 3447 de.

1900 3480 2204 3566 quodam
2251 3501 2519 3566 pugnae
2552 3501 2792 3567 genere
2818 3527 2835 3556 ,
2871 3480 3057 3564 serra
3086 3476 3456 3561 praeliari„

1901 3576 2266 3661 prodidere
2288 3622 2310 3653 ,
2361 3588 2568 3658 atque
2601 3575 2757 3638 hinc
2781 3594 2936 3635 eam
2963 3574 3214 3635 dictam
3246 3575 3425 3636 Mar-

1897 3672 2132 3736 tialem
2185 3672 2494 3754 conjicit,
2549 3682 2616 3734 et
2654 3671 2864 3745 talem
2903 3670 2970 3731 in
3025 3668 3128 3731 his
3160 3669 3423 3732 Trebo-

1892 3769 2084 3832 niani
2136 3767 2355 3830 numis
2409 3765 2848 3852 propositam.
2886 3769 2944 3843 ὅ)
3033 3766 3287 3827 Verum
3337 3786 3426 3829 an

1897 3866 2079 3929 serra
2124 3861 2251 3941 est,
2307 3863 2494 3948 quod
2539 3864 2706 3927 Iuno
2762 3864 2831 3925 in
2890 3861 3262 3933 his-‚numis
3330 3876 3425 3926 te·

1898 3964 2064 4025 net?
2115 3960 2354 4043 Neque
2421 3961 2628 4023 etiam
2677 3959 2833 4037 satis
2910 3957 3194 4042 probari
3259 3959 3424 4023 mihi

1895 4054 2112 4143 potest
2157 4057 2480 4135 judicium
2537 4054 2619 4120 cl.
2683 4056 2879 4118 Ennii
2931 4053 3228 4117 Visconti
3273 4056 3420 4119 illu·

1897 4151 2038 4216 stris
2097 4155 2164 4216 in
2228 4173 2299 4216 re
2346 4152 2737 4234 antiquaria
2800 4151 3128 4228 nominis,
3205 4152 3425 4234 quiin

1895 4249 2117 4312 numis
2169 4248 2629 4335 praesentibus
2677 4268 2802 4334 pro
2851 4245 3091 4311 forfice
3139 4243 3421 4310 fascicu-

1894 4345 2034 4408 lum
2080 4345 2445 4409 herbarum
2474 4391 2493 4421 ,
2544 4364 2630 4409 un
2663 4366 2915 4429 groppo
2955 4342 3018 4407 d'
3050 4342 3228 4419 erbe,
3282 4363 3421 4405 ma·

2152 4558 2255 4606 οὶ·
2242 4572 2297 4604 ιη
2339 4545 2499 4619 Ηρα.
2717 4550 2831 4607 dli
2816 4568 2871 4602 tn
2918 4550 3159 4620 Paedag
3199 4552 3267 4606 L.
3311 4554 3420 4607 111.
