4242 5459
976 596 1128 667 490
1764 554 1922 645 PR
1943 568 1981 644 1
2000 567 2076 644 N
2098 565 2168 644 C
2187 565 2468 643 IPES

958 760 1151 838 biam
1192 768 1447 834 dictam
1490 764 1679 832 fuiffe
1722 766 2123 853 Septimiam
2156 813 2176 842 ‚
2231 778 2303 830 ut
2358 768 2478 830 do·

950 880 1115 935 cent
1145 868 1374 942 numi,
1422 867 1512 928 de
1547 867 1732 945 cujus
1764 867 2051 928 nominis
2088 864 2289 927 causa
2325 883 2480 927 con·

955 967 1253 1050 jecturas
1288 962 1661 1027 admodum
1687 959 1870 1023 leves
1901 958 2326 1022 contulerunt
2363 979 2477 1022 an·

955 1060 1263 1144 tiquarii.
1336 1058 1700 1120 Enimvero
1752 1055 2106 1140 praeclare
2155 1075 2243 1119 ex
2299 1075 2474 1117 rnar·

954 1156 1264 1219 moribus
1318 1151 1567 1238 probat
1604 1152 2114 1225 Renaudotiu3‚
2169 1149 2477 1235 Septimii

952 1269 1211 1318 nomen
1253 1249 1439 1333 apud
1480 1246 1920 1330 Palmyrenos
1964 1246 2244 1309 multum
2288 1245 2476 1310 valu-

962 1347 1099 1412 iss'e.
1151 1344 1269 1409 111.
1326 1343 1672 1418 Odenathi
1715 1362 1982 1426 quoque
2034 1355 2296 1427 patrem
2351 1346 2478 1404 Ae-

955 1460 1196 1506 ¹ranem
1226 1487 1245 1517 ,
1301 1459 1507 1502 avum
1543 1437 2032 1501 Vaballathum
2078 1440 2326 1522 prodit.
2379 1438 2484 1500 Ex

956 1540 1075 1602 avi
1116 1538 1359 1599 deinde
1396 1534 1671 1597 nomine
1706 1533 1883 1625 filius
1934 1553 2206 1616 quoque
2261 1535 2486 1597 dictus

961 1631 1463 1708 Vaballathus,
1535 1631 1722 1710 cujus
1785 1629 2095 1714 copiosos
2155 1628 2484 1693 habemus

956 1747 1231 1793 numos.

1062 1821 1537 1888 SEPTIMJA
1586 1821 2072 1897 ZENOBIA,
2141 1804 2486 1883 Odenathi

956 1938 1140 1985 uxor
1172 1919 1433 1993 altera,
1490 1937 1532 1979 a
1576 1917 1990 2000 Cleopatra,
2043 1917 2204 1997 quin
2245 1927 2311 1977 et
2366 1915 2483 1978 Di-

960 2015 1141 2081 done
1193 2027 1259 2076 et
1301 2013 1746 2077 Semiramide
1794 2016 2039 2075 ducere
2094 2031 2302 2095 genus
2345 2030 2484 2073 cre-

955 2111 1148 2187 dita,
1187 2108 1251 2190 ⁸)
1303 2111 1591 2193 ingentis
1628 2109 1926 2194 spiritus,
1979 2127 2061 2169 ac
2097 2104 2349 2170 consilii
2394 2108 2488 2171 su·

958 2227 1093 2292 pra
1151 2204 1521 2281 feminam,
1585 2206 1933 2268 literarum
1996 2205 2202 2266 etiam
2263 2203 2486 2266 studiis

961 2301 1260 2388 impense
1306 2301 1578 2380 dedita,
1627 2312 2074 2385 praeceptore
2123 2299 2244 2375 usa
2295 2300 2508 2367 Lon-.

967 2399 1123 2483 gino
1150 2443 1170 2471 ,
1223 2399 1407 2478 cujus
1440 2395 1755 2479 inlignem
1773 2388 2105 2478 περιῦψους
2138 2413 2488 2457 commen-

964 2494 1216 2558 tarium
1247 2502 1441 2553 tanto
1461 2492 1675 2575 magis
1711 2492 2070 2571 miramur,
2126 2492 2306 2572 quod
2343 2503 2487 2552 tan·

958 2601 1109 2652 tum
1145 2588 1484 2671 ingenium
1530 2587 1790 2650 inculta
1839 2587 2012 2649 haec
2062 2599 2254 2650 aetas
2314 2584 2484 2649 tulit.

960 2682 1184 2748 Caeso
1230 2682 1474 2745 marito
1528 2681 1818 2745 filiorum
1866 2683 2141 2745 nomine
2196 2683 2484 2746 admini-

960 2777 1196 2843 stravit
1235 2778 1628 2860 imperium,
1680 2791 1749 2840 et
1780 2776 2072 2841 Gallieni
2114 2776 2376 2862 stupore
2421 2778 2486 2838 in

962 2894 1111 2937 rem
1139 2873 1326 2934 suam
1363 2870 1475 2932 usa
1518 2874 1888 2955 maioribus
1922 2872 1986 2934 se
2012 2875 2229 2957 copiis
2261 2872 2486 2935 instru-

965 2972 1105 3042 xit,
1152 2979 1228 3028 et
1261 2967 1624 3028 attentavit
1644 2969 2033 3050 provincias
2062 2969 2328 3052 imperii
2352 2969 2484 3030 Ro·

962 3061 1154 3127 mani
1192 3080 1272 3122 ne
1314 3061 1561 3122 marito
1584 3063 1858 3146 quidem
1894 3081 1941 3123 a
1977 3059 2292 3124 Gallieno
2328 3050 2484 3125 con-

960 3158 1201 3234 cess’aS,
1252 3155 1655 3218 connivente
1680 3158 1770 3219 ad
1798 3155 1968 3217 haec
1990 3155 2132 3240 ipso
2166 3155 2481 3234 Claudio,

965 3250 1400 3341 propioribus
1452 3272 1573 3335 per
1608 3252 2048 3315 Occidentem
2075 3253 2252 3315 curis
2286 3273 2486 3316 occu·

967 3362 1156 3437 pato.
1210 3347 1281 3411 Si
1321 3346 1585 3411 Zofimo
1637 3346 1849 3423 fides,
1927 3347 2059 3411 hoc
2105 3349 2484 3431 imperante

964 3444 1204 3512 invasit
1226 3445 1616 3528 Aegyptum
1639 3491 1659 3521 ‚
1710 3445 2041 3526 variaque
2073 3442 2489 3508 usafortuna

966 3563 1122 3607 eam
1170 3538 1288 3601 fibi
1341 3541 1629 3623 denique
1672 3539 1987 3603 adseruit.
2063 3540 2200 3603 Sed
2232 3543 2491 3605 oratio..

967 3642 1075 3702 nis
1135 3636 1339 3699 fidem
1384 3624 1675 3698 ‘elevant
1741 3636 1967 3708 numi3
2056 3656 2218 3699 nam
2289 3635 2488 3700 Clau·

968 3735 1159 3798 diurn
1237 3731 1326 3796 ab
1399 3730 1879 3795 Alexandrinis
1946 3730 2323 3796 constanter
2390 3734 2490 3796 fu-

967 3827 1085 3890 fll'e
1140 3829 1439 3911 agnitum
1494 3829 1983 3912 imperatorem
2061 3827 2302 3892 horum
2376 3850 2493 3893 nu-

972 3925 1070 3989 mi
1093 3936 1242 3988 toto
1284 3925 1422 4003 ejus
1452 3925 1722 4008 imper-ii
1763 3934 2110 4007 tempore,
2160 3945 2247 3988 ac
2283 3927 2490 3988 incre·

972 4018 1167 4083 dibili
1205 4018 1475 4101 quidem
1526 4038 1808 4082 nurnero
1864 4017 2094 4103 signati
2150 4018 2488 4085 testantur.

969 4115 1206 4198 Neque
1246 4116 1471 4203 magis·
1498 4114 1890 4191 verisimile,
1946 4116 2130 4199 quod
2169 4118 2347 4180 idem
2390 4139 2487 4181 re-

970 4210 1142 4291 fert,
1194 4229 1348 4275 eam
1399 4209 1512 4270 sub
1552 4210 1922 4274 Aureliano
1959 4214 2149 4297 regni
2195 4211 2288 4275 sui
2323 4214 2489 4278 fines

970 4328 1096 4394 per
1129 4307 1357 4371 Aliam
1400 4305 1733 4368 minorem
1776 4307 1847 4369 in
1889 4305 2239 4372 Galatiam
2281 4330 2494 4396 usque

990 4444 3990 4503 ——-——-—--——-——--——-———..-.---—--—=·“

2374 4547 2436 4612 b)
2476 4546 2720 4603 Trebell.
2751 4550 2816 4603 ln
2853 4549 3076 4605 Herode
3106 4565 3165 4607 et
3199 4551 3484 4606 Maeonio.

1044 4545 1104 4613 a)
1141 4542 1391 4606 Trebell,
1426 4548 1483 4597 in
1520 4541 1734 4599 Zenob.
1772 4552 1825 4599 et
1861 4543 2238 4601 Herenniano.

2566 564 3319 667 PALMYRAE

2559 765 2945 852 prolatal'l'e.
3024 769 3290 831 Tamen
3325 770 3535 854 primo
3570 770 3973 857 eiusimperau·

2558 865 2647 925 tis
2678 882 2858 926 anno
2919 869 3302 949 Aegyptum
3345 885 3386 926 a
3432 866 3820 948 Palmyrenis
3863 889 3975 951 qua·

2559 959 2720 1053 dam
2749 960 3014 1042 imperii
3061 980 3209 1021 cum
3244 962 3606 1023 Aureliano
3649 966 3979 1026 commuuio·

2557 1075 2642 1117 ne
2677 1053 2867 1115 fuisse
2889 1055 3257 1138 poll‘ess'am,
3310 1074 3392 1119 ex
3428 1057 3796 1120 Vaballathi
3823 1060 3979 1121 numis

2556 1150 2839 1237 patebit.
2889 1153 3138 1214 Verum
3175 1151 3566 1216 Aurelianus
3599 1153 3781 1215 rebus
3814 1155 3866 1215 iu
3890 1153 3979 1215 00⁴

2560 1247 2824 1310 cidente
2867 1248 3253 1330 compositis
3306 1247 3553 1311 bellum
3613 1248 3840 1311 mulieri
3881 1247 3978 1309 suc·

2561 1341 2853 1406 cessibus
2894 1341 3115 1405 elatae
3150 1345 3422 1418 indicit,
3476 1345 3911 1426 contractisque
3936 1344 3980 1404 in

2559 1437 2907 1501 Orientem
2954 1440 3222 1522 imperii
3252 1438 3510 1503 viribus
3545 1438 3979 1523 aliquotiesvic·

2563 1536 2799 1597 tricem
2841 1535 3204 1616 Palmyrae
3234 1536 3387 1598 suae
3415 1536 3722 1612 includit,
3765 1534 3888 1597 inde
3907 1533 3980 1593 de·

2565 1629 2845 1713 speratis
2879 1629 3079 1691 rebus
3121 1630 3418 1715 elapsam
3461 1651 3544 1693 ex
3569 1629 3722 1714 fuga
3753 1627 3978 1702 retrahit,

2569 1724 2925 1809 aureisque
2964 1728 3220 1789 catenis
3266 1727 3568 1789 vinctam
3600 1726 3766 1788 suum
3796 1727 3983 1787 Romae

2559 1820 2978 1904 triumphum
3017 1820 3200 1904 sequi
3229 1821 3418 1905 jubet
3449 1822 3536 1885 V.
3572 1820 3647 1884 C.
3689 1821 3839 1885 1026
3865 1817 3983 1881 RK.

2567 1934 2731 1999 273.
2783 1919 3033 1979 Vivere
3077 1930 3307 1980 tamen
3351 1914 3413 1979 ei
3445 1918 3835 1991 concellum,
3874 1915 3983 1997 egit·

2567 2032 2697 2095 que
2732 2010 3050 2095 deinceps
3101 2015 3312 2076 vitam
3342 2033 3540 2075 more
3582 2009 3981 2076 matronaeRo·

2567 2128 2813 2169 manae
2854 2107 3230 2172 liberaliter
3264 2128 3309 2171 a
3354 2109 3617 2172 victore
3652 2107 3856 2172 habita
3878 2100 3981 2167 teste

2566 2201 2938 2269 Trebellio.

2666 2299 2881 2365 Liberi
2936 2299 3024 2361 ab
3065 2299 3790 2386 historicis-produntur

2665 2395 3087 2458 HERODES
3109 2444 3127 2473 ,
3179 2397 3530 2460 Odenathi
3565 2418 3649 2459 ex
3667 2395 3854 2479 priore
3872 2407 3982 2453 uxo·

2569 2511 2642 2553 re
2677 2489 2896 2568 filius,
2952 2504 3019 2554 et
3057 2493 3434 2577 imperator
3508 2513 3655 2556 cum
3709 2501 3865 2575 patre
3901 2504 3984 2565 ap·

2570 2586 2882 2671 pellatuS.
2988 2590 3275 2672 Propter
3329 2590 3552 2653 vitam
3620 2585 3981 2651 delicatiorem

2571 2683 2887 2746 omnibus
2924 2684 3168 2746 invisus
3191 2732 3210 2759 ,
3265 2699 3552 2767 agente,
3606 2696 3677 2748 ut
3713 2680 3881 2743 fertur
3908 2678 3982 2736 Ze·

2570 2778 2819 2859 nobia,
2871 2798 3046 2863 quae
3083 2782 3311 2862 inique
3364 2779 3655 2856 ferebat,
3703 2776 3847 2840 filios
3885 2771 3980 2833 suos

2568 2875 2880 2958 privigno
2933 2874 3280 2960 postponi,
3334 2896 3475 2939 una
3531 2897 3680 2941 cum
3737 2884 3888 2956 patre
3919 2866 3978 2924 in·
4095 2886 4096 2939 ὴ

2568 2968 2922 3033 terimitur.
2957 2962 3027 3054 ¹³)
3081 2972 3433 3035 Laudatus
3488 2973 3682 3056 supra
3718 2961 3980 3030 Renaudo·

2565 3065 2698 3139 tius
2735 3067 2918 3129 aliud
2956 3086 3258 3130 marmor
3294 3058 3766 3149 Palmyrenum
3801 3060 3982 3125 recitat,

2567 3179 2846 3320 {ahguo
2897 3162 3229 3227 habemus
3263 3159 3756 3229 chTlMloN
3798 3151 3982 3221 ΟΤΡΩ·

2644 3350 3304 3417 'HERENNIANVS
3343 3367 3409 3418 et
3449 3344 3879 3418 TIMOLAVS
3910 3341 3981 3401 Ze·

2566 3450 2816 3514 nobiae
2849 3449 2993 3518 filii.
3043 3453 3295 3513 Eorum
3319 3455 3596 3515 nomine
3633 3461 3821 3513 mater
3846 3454 3981 3541 remp·

2573 3546 2865 3611 obtinuit
2889 3593 2908 3620 ,
3014 3560 3563 3632 purpuratosque
3649 3546 3979 3627 imperatoris

2572 3642 2807 3705 habitu
2833 3643 3144 3707 incedere
3176 3641 3377 3724 jussit.
3435 3644 3607 3727 Quis
3634 3640 3983 3705 fueriteorum
4091 3706 4092 3715 ἵ

2573 3739 2837 3814 exitus»,
2921 3741 3262 3823 ignoravit
3315 3739 3498 3824 ipse,
3575 3739 3684 3823 qui
3735 3730 3985 3802 utriusque

2570 3832 2913 3898 historiam
2951 3836 3229 3920 scriplit,
3281 3836 3688 3913 Trebellius,
3733 3842 3823 3901 et,
3864 3811 3985 3903 <1⁰⁰⁶

2571 3931 2888 4014 prodigio
2940 3931 3142 3994 [imile
3174 3981 3193 4010 ‚
3242 3933 3423 3994 idem
3463 3932 3859 4013 synchronus.

2667 4027 3016 4090 Diversum
3053 4048 3096 4088 a
3119 4028 3468 4091 Trebellio
3497 4026 3697 4092 refert
3727 4009 3982 4101 Vopiscus.

2570 4140 2614 4185 a
2654 4142 2788 4204 quo
2840 4123 3181 4186 Zenobiae
3220 4123 3396 4187 filius
3442 4125 3740 4208 proditur

2666 4218 3304 4296 vABALATt-lv8‚
3356 4221 3463 4283 sed
3509 4237 3699 4304 quem
3738 4214 3786 4274 is
3822 4196 3983 4272 Balbfl·
4089 4246 4090 4251 κ

2568 4321 2700 4377 tum
2728 4326 2937 4377 vocat
2963 4360 2982 4391 ‚
3034 4326 3154 4377 aut
3178 4363 3198 4393 ‚
3251 4328 3325 4378 ut
3360 4315 3569 4380 habet
3604 4311 3802 4376 codex
3843 4294 3985 4363 Pala·
