4242 5459
755 580 770 589 .
831 540 996 612 198*

824 720 1005 783 ratio
1057 714 1092 779 fi
1151 716 1362 778 solida
1412 710 1538 791 est,
1590 710 1848 776 necess'e
1893 711 2064 786 erit,
2135 731 2354 795 neque

830 815 1108 878 nomina
1152 807 1547 886 KABlPOC,
1587 819 1706 870 aut
1741 806 2351 886 KAMAPCITHC,

828 914 1102 993 aliaque
1154 909 1348 990 plura
1386 901 1513 965 ess'e
1571 903 1846 986 originis
1914 903 2352 987 peregrinae,

827 1007 1152 1091 quoniam
1212 1004 1278 1063 in
1335 999 1553 1062 nuruis
1637 997 2201 1071 Theffalonieae,
2286 1012 2353 1060 et

827 1102 1053 1184 Nysae
1095 1097 1342 1158 Cariae
1385 1095 1736 1176 leguntur,
1805 1094 1870 1154 in
1910 1112 2195 1176 quorum
2236 1114 2348 1156 nu-

828 1215 1017 1259 mero
1078 1191 1571 1273 Cyzicenorum
1628 1191 1832 1251 etiam
1873 1191 2183 1252 ΔΟΜΝΑ
2244 1189 2350 1251 fa-

829 1291 955 1353 cile
1003 1288 1304 1370 putanda
1331 1333 1352 1362 ,
1406 1298 1477 1347 ut
1507 1289 1649 1368 jam
1683 1286 1753 1346 in
1787 1284 2030 1345 horum
2072 1298 2352 1347 moneta

835 1386 1055 1448 obiter
1139 1382 1426 1444 differui.
1531 1380 1735 1462 Quod
1793 1378 1846 1440 fi
1934 1380 2351 1442 vocabulum

829 1483 1083 1549 Damna
1139 1478 1422 1540 eandem
1474 1476 1713 1539 habuit
1761 1473 2350 1559 significationem,

833 1596 1036 1663 quam
1074 1574 1370 1648 Domina,
1410 1572 1629 1634 nescio
1668 1571 1850 1647 sane,
1886 1592 1974 1633 an
2009 1592 2131 1654 per
2158 1592 2349 1656 prae.

832 1672 1085 1736 tensam
1125 1671 1312 1731 hanc·
1340 1668 1877 1730 contractionem
1917 1666 2071 1728 satis
2126 1668 2349 1728 eleva·

831 1784 904 1832 ta
946 1767 1151 1828 fuerit
1182 1763 1373 1827 verbi
1413 1764 1698 1826 invidia.
1753 1760 2066 1824 Ceterum
2107 1782 2350 1846 parum

831 1883 1107 1939 moror,
1163 1860 1269 1922 cui
1304 1860 1572 1944 linguae
1613 1879 1752 1921 vox
1791 1858 2044 1941 Dounga
2088 1858 2351 1923 natales

833 1964 983 2024 suos
1020 1957 1289 2021 debeat.
1341 1956 1610 2017 Tamen
1649 1974 1895 2016 nomen
1927 1951 2092 2015 istud
2121 1952 2351 2015 mulie-

831 2060 888 2120 ri
926 2055 1114 2118 fuiss'e
1166 2054 1508 2137 patrium,
1587 2049 1790 2112 facile
1849 2070 1935 2111 ex
1995 2049 2152 2111 aliis
2212 2051 2351 2126 ejus

829 2152 1140 2217 familiae
1176 2147 1559 2216 nominibus
1594 2147 1822 2230 colligi
1869 2142 2104 2230 potest,
2172 2144 2351 2206 Nam

831 2262 906 2312 ut
955 2266 1186 2311 omnes
1227 2264 1312 2306 ex
1357 2242 1487 2306 hac
1527 2241 1826 2305 feminae
1889 2241 2096 2305 Iuliae
2139 2259 2352 2303 voca-

830 2345 1117 2418 bantur,
1172 2353 1238 2402 et
1260 2338 1559 2401 habuere
1599 2338 2032 2422 cognomina.
2053 2336 2353 2413 Maesae,

831 2438 1306 2512 SoaemiadiS,
1381 2437 1790 2513 Mamaeae,
1860 2433 2160 2495 barbara
2224 2430 2352 2493 line

832 2536 1097 2611 dubie,
1149 2545 1213 2594 et
1250 2533 1535 2613 nativa,
1587 2529 1671 2592 fic
1708 2544 1775 2592 et
1813 2527 2078 2591 nostrae
2121 2527 2355 2588 Severi

829 2632 1044 2696 Iuliae
1079 2628 1365 2692 inditum
1401 2630 1541 2709 jam
1578 2626 1740 2687 olim
1760 2626 2076 2686 Domnae
2107 2641 2353 2683 nomen

829 2750 912 2792 ex
949 2743 1346 2810 quacunque
1373 2723 1640 2804 lingua,
1693 2732 1759 2781 et
1793 2739 1924 2782 non
1957 2737 2046 2778 ex
2079 2717 2358 2781 Domina

830 2825 1171 2884 detortum
1219 2815 1571 2880 verifimile
1601 2812 1710 2876 est.
1766 2813 1962 2876 Certe
1997 2811 2351 2896 Oppianus

827 2918 897 2977 in
942 2914 1171 2987 versu,
1225 2929 1429 2992 quem
1479 2910 1677 2991 Iiapra
1713 2911 1782 2971 'm
1821 2910 2141 2970 Domnae
2191 2906 2352 2969 libe-

826 3011 921 3073 ris
959 3007 1211 3082 citavi,
1267 3006 1444 3068 hanc
1478 3004 1710 3066 Severi
1752 3023 2038 3067 uxorem
2110 3001 2352 3085 simpli-

830 3107 997 3169 citer
1041 3103 1381 3176 Domuum,
1434 3099 1623 3163 velut
1654 3102 1934 3185 proprio
1968 3101 2106 3179 ejus
2139 3099 2353 3163 nomi-

827 3222 914 3265 ne
956 3196 1277 3284 appellat.
1334 3197 1414 3259 Et
1437 3195 1568 3258 fuit
1597 3208 1788 3259 vetus
1824 3217 1971 3258 mos
1995 3214 2128 3256 non
2164 3196 2349 3277 apud

825 3297 1038 3380 Syros
1075 3294 1324 3368 modo,
1379 3294 1485 3355 sed
1523 3291 1696 3376 ipsos
1740 3294 1946 3356 etiam
1996 3291 2347 3373 Palmyre-

824 3414 958 3459 nos
993 3414 1148 3457 cum
1184 3391 1409 3465 viros,
1459 3401 1600 3452 tum
1624 3387 1953 3465 feminas,
2007 3399 2082 3448 ut
2118 3387 2344 3471 patrio

821 3491 940 3554 suo
978 3488 1233 3554 nomini
1255 3486 1442 3550 aliud
1476 3484 1721 3569 gentile
1747 3488 2131 3549 Romanum
2158 3502 2346 3565 prae·

823 3586 1158 3671 figerent,
1208 3586 1291 3647 de
1325 3601 1460 3666 quo
1525 3582 1669 3666 lege
1715 3582 2163 3666 disputantem
2219 3580 2346 3641 Re-

826 3684 1251 3743 naudotium.
1292 3677 1360 3757 ⁸)
1416 3677 1642 3741 Citare
1663 3678 2059 3741 Pellerinius
2100 3678 2181 3736 iu«
2203 3694 2348 3737 rem

827 3773 1022 3837 Inam-
1063 3784 1334 3860 poterat
1372 3790 1670 3838 marmor
1722 3786 2061 3859 repertum
2128 3771 2199 3834 in
2251 3771 2347 3833 in-

1861 452 2252 584 wilm
2351 506 2867 584 DOMNA.

2434 709 2581 772 sula
2612 710 2840 791 Arbe,
2888 714 3071 796 quod
3127 712 3269 795 post
3327 710 3694 776 Pass'erium
3744 717 3973 781 edidit

2440 806 2796 869 Donatus.
2830 795 2893 889 1’)
2946 808 3275 872 IVLIAE.
3314 806 3768 874 DOMINAE.
3802 815 3966 875 Av-

2442 898 2865 978 GvSTAE„
2915 916 2987 965 at
3010 904 3350 979 novimus,
3405 916 3665 985 quanta
3692 904 3967 970 fitmar-

2440 1014 2703 1057 morum
2740 998 3251 1083 municipalium
3298 1000 3695 1062 auctoritas.
3760 1003 3967 1068 Enim.

2436 1110 2605 1153 vero
2639 1092 2885 1156 Suidas
2930 1095 3277 1178 epocaus
3331 1093 3611 1156 verbum
3672 1098 3961 1177 Δομιός,

2436 1206 2909 1270 nequaquam,
2962 1192 3095 1268 ait,
3148 1190 3274 1251 ess‘e
3317 1189 3594 1252 honoris
3654 1193 3968 1256 vocabu·

2436 1281 2574 1343 lum
2614 1303 2701 1345 ex
2736 1284 2983 1347 Latino
3015 1285 3459 1371 translatum,
3506 1285 3619 1347 fed
3658 1287 3791 1349 elle
3828 1281 3962 1352 ὅνο-

2435 1396 2529 1459 peon
2577 1399 2812 1461 xvpcov,
2861 1401 3081 1444 nomen
3118 1384 3471 1464 proprium.
3556 1381 3732 1466 Ergo
3766 1384 3956 1446 idem

2439 1473 2524 1534 de
2542 1473 3152 1561 Dom'naintellige.
3204 1479 3378 1539 Vide
3407 1489 3473 1539 et
3498 1477 3875 1540 Tristanum
3898 1485 3957 1557 ⁴³)

2438 1580 2506 1629 et
2569 1569 3055 1654 Spanhemium
3112 1562 3168 1647 Α)
3228 1590 3491 1635 mecum
3570 1571 3961 1651 sentientes,

2440 1662 2755 1726 Ceterum
2806 1685 2960 1728 cum
3015 1668 3331 1743 videam,
3402 1667 3779 1751 complures
3833 1688 3963 1732 nu.

2441 1778 2619 1835 mm,
2661 1761 2903 1843 quibus
2929 1762 3311 1845 inscriptum
3329 1763 3643 1826 Domnae
3674 1782 3959 1841 nornen,

2442 1856 2719 1917 eosdem
2753 1855 3006 1919 habere
3047 1870 3279 1940 typos,
3330 1876 3500 1941 quos
3536 1859 3841 1921 videmus
3882 1861 3961 1922 in

2440 1951 2660 2012 numis
2696 1950 2972 2029 Severi,
3029 1956 3145 2034 qui
3180 1953 3413 2036 primis
3434 1957 3575 2034 ejus
3614 1956 3958 2038 imperan-

2441 2048 2525 2109 tis
2574 2047 2767 2109 annis
2814 2049 3220 2132 prodivere,
3279 2050 3347 2110 in
3386 2048 3521 2112 iuis
3553 2068 3747 2125 vero,
3776 2069 3963 2130 quoe

2438 2143 2550 2227 squ
2604 2155 2884 2227 propter
2948 2141 3362 2206 vocabulum
3426 2141 3740 2220 AvGG.,
3836 2144 3964 2212 seu

2439 2250 2722 2325 propter
2755 2240 2927 2301 alias
2969 2239 3204 2301 causas
3272 2240 3472 2303 serius
3518 2239 3807 2324 fignatos
3854 2244 3966 2305 in-

2437 2335 2844 2419 telligimuS,
2895 2334 3060 2395 illud
3097 2332 3473 2397 constanter
3500 2336 3758 2412 abeffe,
3811 2354 3973 2399 cer.

2440 2443 2583 2493 tum
2626 2430 2933 2504 videtur,
2979 2430 3221 2512 'primis
3252 2430 3571 2499 Domnae
3600 2432 3795 2493 annis
3842 2435 3979 2495 de-

2441 2526 2587 2589 beri
2630 2545 2870 2587 numos
2921 2525 3053 2588 hoc
3091 2527 3362 2589 nomine
3402 2538 3717 2601 notatos,
3771 2529 3971 2593 dein-

2442 2641 2600 2703 ceps
2642 2631 2868 2681 autem
2906 2620 3113 2696 illud,
3165 2619 3344 2683 forte
3413 2634 3696 2705 propter
3745 2624 3979 2707 ipsam

2438 2714 2988 2799 peregrinitatem
3024 2714 3423 2793 fastiditum,
3471 2730 3537 2778 et
3563 2739 3647 2779 ex
3682 2732 3979 2783 moneta.

2440 2808 2658 2874 abess'e
2682 2808 2940 2890 juss'um.
2995 2812 3069 2873 In
3105 2832 3311 2874 numo
3350 2812 3814 2876 Alexandrino
3850 2818 3979 2881 di..

2438 2908 2611 2969 citur
2653 2904 2878 2967 adhuc
2907 2906 3185 2969 Domna
3217 2908 3490 2970 labente
3526 2928 3704 2971 anno
3726 2911 3923 2978 vnl.
3948 2959 3983 2992 ,

2442 3001 2553 3085 qui
2593 3000 2822 3083 coepit
2871 3012 3156 3065 exeunte
3199 3002 3489 3091 Augusto
3539 3008 3622 3071 V.
3664 3003 3747 3075 C.
3790 3029 3981 3094 952,

2438 3098 2600 3181 quin
2633 3107 2700 3158 et
2731 3100 2925 3161 annis
2958 3098 3108 3161 x-11.
3148 3099 3330 3164 XIII.

2924 3292 3096 3399 ,Pia
3198 3293 3463 3358 Felix.

2534 3485 2725 3550 Haec
2747 3484 3024 3547 nomina
3058 3484 3325 3547 mulieri
3362 3484 3546 3549 haud
3572 3487 3776 3550 dubie
3812 3501 3983 3556 tum

2438 3582 2586 3644 dari
2626 3586 2691 3645 in
2720 3582 2936 3644 numis
2977 3593 3251 3664 coepta,
3310 3585 3582 3666 quando
3615 3583 3792 3648 filius
3829 3583 3997 3652 Ca.-

2437 3679 2703 3743 racalla
2737 3679 2821 3741 iis
2865 3677 2967 3741 uti
3000 3678 3251 3763 coepit.

2108 3965 2668 4034 PRETIVM.

832 4158 1169 4225 commatis
1219 4156 1530 4223 Romani·

983 4342 1000 4347 η
1024 4256 1235 4318 Aurei
1527 4291 1561 4306 -
1751 4292 1782 4306 -·

3028 4218 3037 4225 a
3116 4214 3123 4223 ν
3442 4214 3449 4225 fl

2316 4292 2323 4299 ¹
2425 4297 2457 4312 ⁶
2544 4312 2557 4323 ρ
2642 4297 2671 4312 a
2828 4292 2835 4297 “
2866 4298 2891 4313 0
3032 4296 3037 4303 ¹
3097 4301 3133 4321 Q·
3314 4296 3343 4312 ο
3533 4259 3620 4326 R·

899 4492 1267 4552 a)Mem,.B
1315 4497 1854 4569 L...T111>528.

717 4560 1363 4657 1«1)”1“·.···Ι-ΙΡ294

2115 4498 2173 4565 b)
2213 4497 2287 4551 ad
2328 4497 2499 4553 'risen‘
2531 4498 2736 4563 Mutat,
2777 4520 2835 4574 p.
2879 4518 2992 4574 145,
3032 4505 3081 4558 6.

3214 4506 3225 4511 “
3328 4506 3383 4572 e)
3422 4503 3493 4556 T.
3530 4502 3607 4562 11.
3644 4518 3775 4573 pag.
3828 4522 3978 4573 ¹¹2-
