4242 5459
870 611 973 673 7⁰·

861 782 1041 849 nass'e
1075 780 1231 845 satis
1278 779 1349 844 lit
1384 778 1712 846 Iacobum
1752 780 2074 859 Biaeum,
2111 775 2188 862 ⁸)
2238 781 2382 845 Pel·

862 879 1173 941 lerinium
1195 924 1214 954 ‚
1267 868 1327 958 b)
1351 889 1698 940 auctorem
1721 876 1923 938 musei
1951 876 2380 961 Theupoli.⁶)

865 975 1050 1037 Novi
1104 974 1414 1056 equidem
1447 1019 1465 1050 ,
1531 992 1575 1034 a
1628 970 2038 1053 Vaillantio‚
2108 984 2174 1034 et
2236 971 2379 1056 ipso

864 1068 1225 1131 Pellerinio
1246 1115 1265 1144 ,
1318 1067 1603 1150 aliisque
1637 1066 1929 1153 proponi
1960 1087 2202 1130 numos
2233 1079 2378 1130 tam

866 1164 1593 1243 boloniarum,·quam
1643 1163 1907 1225 urbium
1958 1161 2377 1225 Graecarum

864 1258 1228 1321 liberarum
1255 1304 1273 1334 ,
1355 1259 1425 1319 in
1492 1258 1737 1341 quibus
1812 1257 2089 1319 Aurelio
2156 1257 2380 1322 adhuc

867 1352 1138 1416 Caesari
1179 1353 1487 1417 Antonini
1517 1353 1892 1440 appellatio
1929 1355 2226 1430 additur,
2269 1353 2380 1414 sed

862 1448 1043 1512 forte
1080 1469 1161 1511 ex
1193 1449 1296 1509 his
1320 1451 1535 1513 minus
1563 1461 1759 1512 caute
1795 1461 2083 1533 excepta
2114 1445 2204 1509 est
2241 1450 2376 1531 epi·
2354 1485 2383 1499 -A

865 1543 1170 1629 graphe,
1222 1543 1548 1612 aut-forte
1583 1545 1827 1608 horum
1883 1544 2196 1606 nonnulli
2246 1542 2376 1606 Ca.-

862 1640 1166 1703 racallae
1212 1639 1398 1717 sunt,
1477 1652 1598 1704 aut
1655 1658 1898 1702 revera
1944 1651 2297 1724 peccatum
2336 1659 2384 1702 a

865 1736 1145 1798 rudibus
1197 1736 1796 1819 monetariiS,·qui
1838 1755 1923 1796 ex
1956 1747 2185 1798 vetere
2237 1755 2376 1797 mo-

759 1865 777 1869 ·
867 1851 941 1892 re
976 1843 1247 1914 recepta
1283 1834 1515 1893 omnia
1540 1831 1626 1894 ab
1664 1829 1941 1892 Aurelio
1983 1830 2378 1914 adoptantis

865 1925 1058 1988 fuisse
1097 1929 1373 1989 nomina
1415 1924 1529 1990 fibi
1566 1925 2024 2010 persuaserint.
2079 1925 2380 2009 Scripto-

867 2041 976 2084 res
1012 2023 1309 2084 nonnulli
1347 2022 1625 2085 Aurelio
1656 2025 1807 2104 jam¹
1857 2018 2148 2105 Augusto
2185 2032 2382 2084 vetus

868 2117 1092 2181 adhuc
1124 2119 1283 2181 Veri
1339 2137 1584 2180 nomen
1620 2116 1945 2183 tiibuunt.
2045 2116 2155 2179 Sic
2198 2119 2391 2201 apud·

865 2212 1194 2274 Photium
1229 2213 1448 2298 legas:
1490 2203 1564 2294 ‘¹)
1616 2214 1707 2276 ἐπι
1749 2213 1841 2276 Μ.
1894 2216 2187 2274 Amnum
2226 2216 2381 2294 Βηρε

864 2311 1165 2386 εασιλεως
1200 2310 1565 2390 Ρωμαὶων,
1594 2320 1662 2371 et
1700 2309 1880 2392 apud
1920 2308 2381 2392 Theophilum

869 2387 1385 2472 Antiochenum
1413 2403 1475 2487 ¹²)
1533 2406 1801 2491 Αυρηλικ
1839 2408 2077 2490 Ουηρε.

1256 2597 1532 2662 Fut-er
1625 2596 1999 2679 patriae.

969 2783 1394 2871 Capitolinus
1448 2787 1618 2849 haec
1678 2787 1764 2848 de
1828 2782 2146 2849 Aurelioz

877 2883 1094 2949 YRIS
1137 2882 1568 2947 PATRJAE
1609 2890 1811 2947 autem
1859 2900 2076 2943 nomen
2121 2881 2388 2945 delatum

850 2979 1081 3063 fratre
1114 2977 1349 3064 absente
1382 2980 1449 3041 in
1481 2979 1745 3062 ejusdem
1768 2976 2177 3063 praesentiam
2202 2976 2390 3054 distu-

875 3075 966 3138 tit.
1018 3075 1104 3136 Et
1142 3072 1360 3136 infra:
1406 3075 1794 3162 posteaquam
1849 3082 2052 3137 autem
2109 3095 2149 3138 a
2188 3073 2387 3157 Syria

864 3173 1074 3234 victor
1088 3170 1310 3254 frater
1342 3173 1550 3246 rediit,
1578 3169 1928 3236 PATRIS
1966 3171 2093 3235 PA
2106 3171 2394 3236 TRIAE

870 3286 1084 3334 nomen
1111 3264 1411 3331 ambobus
1445 3265 1747 3332 decretum
1775 3269 1872 3354 ss,
1924 3261 2186 3330 Horum
2219 3265 2386 3330 testi.

870 3364 1258 3425 moniorum
1300 3361 1433 3426 fide
1480 3363 1957 3427 Tillemontius
2005 3363 2182 3425 huno
2232 3366 2386 3427 titu-

870 3458 1012 3522 lum
1056 3458 1147 3522 ab
1184 3471 1467 3542 utroque
1505 3457 1797 3543 Augusto
1825 3479 2002 3522 anno
2029 3461 2109 3525 V.
2147 3457 2219 3523 C.
2248 3480 2385 3543 919

868 3555 1235 3640 susceptum
1273 3555 1638 3618 adfirmare
1674 3576 1808 3619 non
1841 3556 2201 3618 dubitavit.
2250 3559 2385 3620 Ali-

868 3653 963 3716 ud
984 3673 1027 3714 a
1059 3654 1480 3715 Tillemontii
1508 3654 1829 3741 ‘doctrina
1859 3671 2268 3743 magnopere
2290 3656 2386 3717 di·

865 3749 1132 3808 versum
1198 3750 1444 3810 docent
1511 3749 1715 3814 numi.
1806 3748 2192 3812 Secundum
2254 3751 2383 3815 hos

754 3866 767 3874 ·
873 3842 1181 3903 Aurelius
1216 3841 1392 3902 hunc
1429 3841 1696 3902 titulum
1739 3843 2105 3926 adoptavit
2132 3847 2382 3910 nonnifi

870 3936 1141 3996 ineunte
1190 3954 1370 3996 anno
1404 3937 1488 3998 V.
1530 3934 1604 3996 C.
1645 3955 1780 4018 930
1809 3983 1827 4011 ,
1854 3985 1869 3990 ..
1898 3951 2017 4000 aut
2063 3940 2153 3999 ad
2219 3940 2381 4003 sum·

868 4048 1051 4090 mum
1084 4043 1374 4092 exeunte
1413 4049 1575 4112 929.
1674 4037 1891 4113 Atque
1952 4034 2196 4095 horum
2254 4057 2381 4121 ego

866 4127 1239 4209 praeconio
1270 4123 1568 4187 standum
1594 4129 1871 4189 omnino
1897 4128 2206 4192 adfirmo.
2246 4129 2382 4192 Cur

870 4222 1045 4281 enim
1077 4268 1095 4297 ,
1151 4221 1188 4282 Γι
1232 4221 1300 4283 id
1360 4242 1602 4284 nomen
1656 4242 1896 4286 revera
1947 4243 2129 4285 anno
2168 4225 2247 4285 V.
2301 4221 2378 4291 C.

873 4337 1010 4396 919
1046 4317 1371 4395 adscivit,
1426 4318 1575 4400 ipsis
1615 4317 1727 4382 Xl.
1776 4320 1970 4380 annis
2014 4321 2152 4398 ejus
2200 4338 2380 4381 men

942 4557 1001 4610 ιι)
1036 4536 1111 4603 ad
1148 4569 1300 4607 num,
1339 4568 1453 4601 aur.
1494 4549 1736 4602 Arscbot.
1772 4548 2230 4615 Tab.29.n.1.

874 4619 1080 4680 xandr,
1271 4616 1330 4686 d)
1371 4616 1508 4671 cod.
1544 4618 1705 4676 xlv.

2230 2785 2401 2850 PA-

2429 4549 2486 4613 b)
2525 4552 2730 4610 Lem-ea
2767 4570 2822 4623 p.
2862 4556 2945 4611 26.

1899 4618 1953 4684 e)
1992 4615 2066 4668 ad
2099 4617 2616 4687 Autolye.1..1u
2757 4655 2772 4675 0

1520 580 1636 656 Μ.
1738 575 2418 656 AVR-ELIVS
2517 578 3357 657 ANTONINVS:

2470 780 2653 844 tione
2689 782 2760 846 in
2817 791 3096 846 moneta
3141 777 3502 860 abstinuit,
3548 799 3702 844 curn
3758 793 3988 849 tamen

2472 874 2777 956 conflet,
2806 873 3179 961 AugustoS,
3230 896 3316 940 ex
3365 897 3501 961 quo
3547 871 3716 942 illud
3777 880 3990 943 susee-

2468 992 2629 1057 pere
2655 1020 2675 1053 ,
2729 992 2811 1035 eo
2846 969 3219 1036 constanter
3250 973 3318 1035 in
3360 974 3583 1036 nuruis
3617 971 3806 1036 fuiss‘e
3844 974 3986 1060 glo·

2466 1070 2730 1130 riatos?
2777 1067 3043 1130 Deinde
3077 1065 3118 1128 fi
3149 1068 3274 1130 'cui
3323 1067 3586 1131 luberet
3622 1069 3989 1153 obgerere,

2469 1157 2885 1226 monetarios
2918 1183 3056 1226 non
3092 1183 3332 1228 omnes
3356 1163 3592 1227 titulos
3633 1167 3841 1227 etiam
3869 1167 3985 1227 de-

2467 1272 2690 1321 cretos
2751 1259 2972 1321 numis
3026 1258 3445 1343 inscripsisse,
3517 1279 3813 1342 quaero,
3867 1279 3988 1322 cur

2466 1355 2673 1416 iidem
2717 1355 3118 1433 monetarii,
3172 1356 3288 1436 qui
3325 1366 3528 1418 antea
3585 1354 3869 1418 inserere
3893 1342 3988 1417 id

2467 1468 2713 1512 nomen
2777 1461 3095 1512 monetae
3154 1447 3527 1514 constanter
3585 1449 3988 1534 neglexere,

2467 1544 2635 1607 illud
2673 1548 2829 1609 inde
2868 1545 2956 1608 ab
2991 1563 3171 1608 anno
3218 1549 3296 1609 V.
3340 1543 3415 1608 C.
3456 1565 3595 1627 930
3644 1564 3854 1628 usque
3893 1547 3990 1608 ad

2467 1640 2729 1704 Aurelii
2763 1640 3096 1705 exceffum
3134 1659 3477 1724 nunquam
3539 1640 3832 1726 amplius
3883 1642 3985 1702 in-

2469 1737 2681 1799 serere
2717 1737 3177 1822 neglexerint,
3229 1747 3348 1800 aut
3369 1737 3601 1799 saltem
3637 1756 3760 1821 per
3795 1736 3990 1799 vices

2464 1835 2607 1915 jam
2649 1833 3076 1910 inseruerint,
3123 1836 3264 1913 jam
3320 1851 3495 1909 non,
3545 1833 3824 1917 perinde
3877 1845 3994 1895 at-

2472 1948 2602 2012 que
2652 1929 2785 1990 illis
2834 1945 2986 1990 cum
3029 1928 3230 1991 titulo
3291 1927 3635 2014 pontificis
3701 1930 3994 1991 maximi

2473 2020 2891 2086 constitutum
2942 2021 3119 2085 fuit?
3172 2022 3308 2086 Cut
3352 2025 3685 2107 denique,
3756 2023 3838 2100 si,
3915 2037 3993 2086 ut

2464 2122 2800 2202 jactatur,
2853 2121 3068 2181 Verus
3123 2138 3391 2202 quoque
3451 2122 3664 2204 patris
3720 2121 3991 2204 patriae

2474 2234 2719 2277 nomen
2762 2214 3079 2299 suscepit,
3130 2233 3474 2299 nunquam
3511 2215 3679 2277 illud
3731 2218 3799 2277 in
3832 2227 3990 2277 toto

2474 2315 2614 2390 ejus
2667 2328 3027 2372 numerum
3087 2311 3294 2394 longo
3347 2312 3630 2395 agmine
3689 2312 3997 2394 legitur?

2472 2407 2653 2490 Ergo
2718 2403 2993 2468 testibus
3044 2408 3265 2468 nnmis
3313 2419 3565 2468 certum
3630 2405 3757 2482 est,
3807 2406 4000 2469 hunc

2473 2502 2743 2564 titulum
2781 2520 2825 2563 a
2866 2500 2948 2562 L.
2980 2503 3161 2564 Vero
3199 2520 3541 2583 nunquam
3569 2548 3591 2580 ,
3644 2502 3734 2564 ab
3774 2510 4006 2564 Aure-

2471 2599 2568 2662 lio
2608 2594 2864 2659 nonnifi
2906 2615 3032 2671 eo,
3086 2616 3222 2682 quo
3273 2598 3458 2672 dixi,
3527 2608 3836 2682 tempore
3887 2617 4004 2659 re-

2476 2705 2772 2775 ceptum.
2819 2693 2969 2754 Non
2983 2689 3178 2755 favet
3205 2692 3362 2755 huie
3393 2692 3757 2756 sententiae
3787 2690 4004 2778 Capi-

2474 2789 2727 2853 tolinus
2752 2833 2783 2864 ,
2825 2799 2902 2849 at
2931 2807 3150 2871 neque
3191 2785 3473 2865 officit,
3503 2786 3548 2850 fi
3601 2789 3812 2851 modo
3862 2790 4005 2850 rite

2476 2888 2617 2966 ejus
2655 2882 2880 2946 verba.
2909 2881 3354 2974 aestimentur.
3440 2881 3658 2966 Quod
3693 2885 4012 2970 primum.

2479 2983 2620 3058 ait,
2674 2980 3017 3042 Aurelium
3065 2979 3366 3042 delatum
3409 2979 3524 3042 fibi
3568 2980 3703 3044 hoc
3739 2997 4008 3043 nomen

2475 3081 2545 3142 in
2599 3076 2830 3138 fratris
2886 3074 3330 3159 praesentiam
3389 3073 3727 3152 distulisse,
3799 3075 4009 3140 aliud

2478 3194 2614 3238 non
2646 3173 2848 3234 docet
2868 3218 2892 3249 „
2941 3169 3054 3232 nisi
3091 3168 3258 3235 istud
3304 3171 3428 3234 libi.
3466 3182 3605 3234 tum
3634 3220 3652 3249 ‚
3710 3191 3860 3234 cum
3914 3172 4005 3233 ti·

2448 3270 2658 3334 ‚tulus
2713 3265 3183 3349 deferebatur,
3255 3266 3678 3331 constitutum
3755 3266 4004 3348 fuill'e,

2479 3355 2756 3429 subinde
2791 3363 3135 3447 praesente
3169 3361 3382 3426 fratre
3422 3365 3696 3426 mutasse
3733 3363 4004 3425 senten·

2479 3464 2669 3526 tiam.
2724 3459 2986 3522 Deinde
3026 3459 3124 3519 ait
3157 3457 3369 3521 solum
3401 3505 3422 3534 ,
3471 3456 3684 3521 fratre
3721 3459 4001 3522 reverso

2474 3561 2547 3624 id
2593 3576 2839 3621 nomen
2876 3553 3210 3618 ambobus
3239 3554 3428 3617 fuiffe
3462 3555 3804 3632 decretum,
3855 3574 4009 3617 non

2455 3674 2643 3720 ·vero
2719 3654 2925 3714 etiam
3022 3650 3111 3711 ab
3186 3649 3523 3720 ambobus
3597 3648 4006 3732 susceptum.

2477 3751 2704 3834 Quam
2727 3747 3113 3831 explicandi
3145 3749 3477 3809 rationem
3510 3744 3554 3807 fi
3590 3747 3739 3829 quis
3777 3745 4009 3807 hone-

2476 3845 2548 3909 sti
2584 3843 2814 3928 effugii
2852 3843 3049 3904 causa
3087 3862 3131 3903 a
3185 3861 3292 3903 me
3337 3843 3778 3904 adinventam
3827 3841 4016 3905 velit

2453 3939 2898 4014 existimare,
2949 3937 3248 4038 recolat,
3305 3937 3601 4019 quaeso,
3653 3954 3832 4017 quae
3873 3954 4012 3998 va·

2473 4034 2593 4102 riis
2646 4054 2768 4118 per
2812 4034 3126 4117 praesens
3182 4029 3352 4116 o'pus
3403 4032 3575 4095 locis
3641 4032 3728 4092 de
3773 4032 4016 4096 titulis

2473 4133 2964 4213 imperatorum
3008 4129 3298 4190 detretis
3343 4130 3661 4209 quidem,
3717 4138 3790 4189 at
3820 4127 4020 4189 mul-

2472 4236 2544 4286 to
2583 4224 2780 4286 serius
2807 4223 3156 4300 admissis,
3209 4234 3327 4285 aut
3366 4222 3600 4284 saltem
3641 4223 3713 4284 in
3753 4240 4030 4284 monu-

2473 4331 2700 4382 menta
2729 4319 3004 4403 publica
3043 4316 3278 4380 inferri
3300 4317 3583 4403 ‚coeptis
3627 4305 4028 4403 disputavi,

3146 4553 3201 4621 e)
3232 4554 3291 4605 in
3316 4551 3646 4610 mantelii
3679 4566 3835 4610 num.
3851 4552 4023 4609 Al·-
