4242 5459
1400 589 2179 674 MAXIMINVS
2279 593 2339 672 1.

295 799 409 865 Ν.
463 795 1237 889 Anacephalaeeofisrerum
1276 817 1440 866 anno
1469 798 1553 867 V.
1580 800 1645 867 C'.
1686 819 1804 886 991

436 895 836 1080 ἕᾶνῖὼῃε.
854 895 1183 985 standum
1197 896 1630 984 praecedentia
1684 919 1802 986 ge-

384 1183 810 1253 'Maximinus
831 1185 918 1253 V.
940 1186 1017 1257 C.
1047 1205 1194 1274 ‘99o
1222 1188 1497 1256 domitis
1518 1183 1794 1254 Germa·

281 1284 394 1346 nis
431 1284 499 1344 in
529 1284 953 1349 Pannoniam
993 1287 1309 1372 regi-effus
1347 1288 1530 1374 apud
1571 1285 1797 1349 Sirmi-

286 1396 407 1440 um
445 1376 817 1457 hiemavit,
859 1389 938 1445 ‘e't
965 1384 1197 1445 omnia
1231 1384 1318 1446 ad
1362 1401 1639 1447 vernam
1681 1403 1796 1445 ex·

282 1471 748 1558 peditionem,
811 1478 1127 1562 ‘gentibus
1167 1480 1241 1543 in
1295 1478 1799 1567 feptemtriones

279 1565 516 1653 politis
589 1568 895 1637 facturus
965 1573 1213 1637 bellum
1240 1624 1260 1653 ‚
1337 1575 1796 1661 comparavit.

281 1665 368 1728 V.
429 1662 504 1728 C.
561 1686 692 1747 991
753 1667 868 1731 sub
927 1669 1103 1752 ipsas
1139 1671 1483 1735 Kalendas
1527 1672 1795 1737 Ianuar.

275 1760 600 1845 occoepit
627 1761 787 1826 trib.
825 1761 1223 1847 potestatem
1257 1767 1372 1830 IV.
1444 1767 1500 1829 F
1504 1779 1650 1830 orte
1672 1768 1795 1831 ini-

277 1855 379 1918 tio
420 1856 647 1918 Martii
692 1852 1024 1921 Gordiani
1087 1861 1159 1923 in
1214 1859 1453 1925 Africa
1501 1864 1795 1948 impera·

277 1962 465 2012 tores
517 1952 836 2016 adversus
897 1955 1351 2020 Maximinum
1397 1958 1792 2022 salutantur.

279 2044 602 2110 ,Afrorum
635 2047 959 2136 'suffragia
1004 2046 1281 2137 gestiens
1313 2054 1579 2117 laetitia
1600 2053 1795 2118 fena·

271 2154 383 2204 tus
426 2143 812 2228 adprobat,
880 2153 948 2209 et
1001 2148 1451 2212 Maximinum
1542 2147 1795 2212 hostem

270 2238 550 2319 judicat.
643 2240 775 2304 Die
840 2245 1118 2325 quinto,
1195 2265 1282 2307 ex
1347 2264 1482 2328 quo
1528 2257 1790 2308 motum

273 2333 450 2397 hunc
485 2329 820 2401 intellexit
842 2339 1287 2417 Maximinus,
1342 2339 1590 2403 Sirmio
1634 2360 1788 2403 cum

264 2431 460 2492 omni
495 2433 795 2496 exercitu
853 2434 1125 2497 Italiam
1179 2436 1405 2498 νει-ἤιε
1459 2435 1789 2520 proficisci

269 2524 530 2609 incipit.
570 2524 635 2609 ²)
700 2527 986 2593 Factum
1037 2529 1205 2606 istud
1269 2533 1536 2596 circiter
1585 2533 1784 2596 initio

267 2622 550 2704 Aprilis·
625 2621 873 2688 Paullo
934 2625 1078 2710 post
1103 2627 1283 2690 caeli
1334 2628 1406 2691 in
1449 2626 1691 2692 Africa
1739 2649 1786 2694 a

269 2715 678 2801 Capelliana
756 2722 1231 2789 Mauretaniae
1333 2736 1783 2808 procuratore

264 2810 626 2881 Gordiani.
676 2815 960 2881 Senatus
997 2820 1067 2883 in
1102 2839 1173 2881 re
1229 2821 1497 2906 trepida
1548 2821 1787 2886 Balbi-

267 2928 432 2974 num
467 2923 536 2974 et
568 2911 946 3000 Pupienum
983 2912 1310 3001 Augustos
1350 2916 1679 3001 appellat,
1720 2931 1787 2982 et

261 3003 425 3069 huic
460 3003 716 3072 bellum
755 3009 827 3073 in
876 3011 1333 3074 Maximinum
1390 3014 1785 3080 demandat.

265 3102 636 3167 Maximini
679 3105 848 3185 iter,
901 3107 1064 3191 quia
1095 3106 1532 3191 improvisum
1583 3120 1649 3171 et
1686 3107 1782 3172 fe·

264 3193 619 3276 limatum,
673 3200 762 3265 ob
815 3223 1040 3266 rerum
1094 3201 1610 3267 necefl'ariarum
1668 3204 1782 3268 de-

259 3293 527 3356 fectum
564 3293 755 3381 saepe
780 3297 1147 3383 impeditur
1171 3346 1188 3376 ,
1239 3299 1631 3363 retardante
1666 3304 1784 3364 eti·

261 3409 385 3453 am
429 3386 701 3453 flumine
735 3392 802 3454 in
841 3393 1196 3477 Aquileiae
1234 3394 1524 3472 vicinia,
1598 3398 1796 3480 quod·

260 3485 499 3550 rotatis
541 3501 753 3550 verno
800 3500 1113 3575 tempore
1164 3489 1437 3554 nivibus
1490 3490 1629 3555 late
1679 3511 1782 3557 re-

261 3579 636 3666 stagnabat.
687 3582 993 3649 Exeunte
1012 3587 1230 3672 Aprili
1267 3587 1617 3670 Aquileiae
1662 3588 1780 3652 ob·-

259 3674 588 3741 lidionem
625 3681 896 3744 orditur
928 3683 1389 3760 Maximinus,
1441 3684 1781 3770 Pupienus

263 3776 448 3858 apud
485 3777 898 3840 Ravennam
958 3779 1332 3841 exereitum
1398 3793 1777 3866 comparat.

254 3867 468 3931 Nulla
504 3885 784 3956 propter
823 3888 1405 3959 propugnatorum
1485 3879 1780 3960 pertina-

257 3963 464 4025 ciam·
494 3965 855 4031 deditionis
895 3971 1005 4056 spe
1050 3971 1469 4034 Maximinus
1512 3972 1598 4035 ab
1635 3974 1779 4036 irri-

250 4060 426 4121 tat-is
473 4062 797 4128 militibus
837 4084 989 4129 cum
1026 4064 1170 4130 filio
1226 4068 1557 4132 occiditur
1600 4068 1778 4133 forte

243 4156 488 4218 medio
537 4159 745 4238 Maio.
797 4163 1139 4246 Pupienus
1172 4165 1242 4226 in
1282 4161 1518 4227 urbem
1560 4166 1732 4229 redit
1757 4209 1777 4242 ‚

242 4263 500 4315 etcum
531 4256 834 4341 conlega.
853 4256 1146 4321 Balbino
1177 4277 1394 4344 remp„
1434 4274 1775 4345 procurat.

235 4351 551 4431 Vterque
586 4366 872 4416 exeunte
912 4354 1178 4418 circiter
1215 4355 1388 4418 Iulio
1447 4359 1775 4434 caeditur,

236 4441 648 4508 Gordianus
687 4450 1047 4535 imperium
1088 4452 1393 4528 orditur,
1441 4453 1620 4515 unde
1660 4473 1777 4515 nu·

3280 624 3415 693 295

1874 799 1972 865 mi
2011 796 2460 864 Alexandrini
2493 794 2571 863 L.
2617 798 2704 865 A.
2748 816 2963 883 usque
3012 798 3102 863 ad
3160 804 3395 887 proxi.-

1876 917 2062 962 mum
2094 894 2277 960 diem
2319 893 2558 958 XXIX.
2613 893 2906 980 Augusti.

1973 992 2073 1056 En
2103 990 2536 1079 probabilem
2574 988 2769 1072 huj-us
2813 992 2970 1058 anni
3012 1007 3236 1058 rerum
3280 1013 3389 1080 ge·

1875 1087 2118 1153 starum
2149 1088 2382 1152 seriem
2433 1105 2519 1149 ex
2570 1087 2830 1161 invicto
2874 1105 3232 1152 numorum
3296 1104 3387 1153 te-

1875 1184 2228 1262 stimonio,
2287 1184 2573 1247 multum
2628 1184 2902 1266 quidem
2950 1183 3388 1250 abludentem

1875 1281 1964 1345 ab
2009 1300 2091 1344 ea
2115 1326 2139 1356 ,
2192 1299 2367 1364 quae
2398 1278 2756 1343 secundum
2788 1275 3261 1342 historicorum
3296 1294 3390 1343 te·

1880 1375 2189 1440 stimma-ia
2231 1376 2652 1452 contexitur,
2705 1394 2788 1439 ac
2825 1375 2939 1438 vel
2975 1377 3132 1439 ideo
3168 1377 3391 1440 minue

1879 1472 2349 1559 perturbatam
2376 1492 2460 1536 ac
2491 1470 2814 1536 fallacem
2836 1517 2856 1548 ,
2909 1474 3231 1557 quoniam
3264 1473 3388 1537 ho·

1878 1587 2025 1631 rum
2066 1568 2470 1653 quisquilias
2518 1579 2586 1630 et
2616 1569 2933 1654 pinguem
2998 1569 3389 1634 Minervam

1877 1663 2345 1730 fastidivimus.
2396 1662 2571 1729 Istud
2605 1677 2897 1742 certum,
2951 1665 3206 1748 optime
3230 1684 3386 1734 eam

1876 1762 2240 1825 convenire
2272 1780 2427 1825 cum
2456 1780 2550 1824 ‘eo
2584 1757 2867 1838 ordine,
2920 1780 3117 1845 quem
3174 1761 3390 1824 tenuit

1874 1857 2310 1920 Herodianus
2385 1875 2682 1922 coaevus
2758 1855 3038 1940 scriptor
3092 1854 3200 1918 etii
3254 1876 3389 1919 non

1876 1953 2452 2033 adcuratissimus,
2468 1965 2698 2018 tamen
2727 1973 2817 2016 ex
2835 1950 3035 2016 malis
3066 1953 3388 2038 optimus.

2455 2141 2796 2231 Consul.

1969 2337 2424 2403 Maximinum
2459 2336 2850 2424 processiss'e
2920 2337 3254 2400 consulem
3304 2331 3387 2404 V.

1874 2434 1948 2501 C.
1984 2448 2123 2519 989
2151 2481 2170 2513 ,
2216 2436 2538 2498 nimirum
2569 2441 2656 2496 ex
2692 2443 2967 2517 recepto
3003 2452 3191 2496 more
3230 2453 3386 2517 pro·

1866 2534 2073 2597 ximis
2124 2531 2453 2595 Kalendis
2505 2531 2643 2594 Ian.
2713 2527 3110 2592 electionem
3160 2529 3389 2593 conse-

1870 2625 2258 2714 quentibuS,
2308 2629 2492 2691 numi
2511 2645 2591 2690 ac
2631 2623 3088 2704 fastidocent,
3142 2624 3385 2713 quibus

1870 2744 2144 2811 quoque
2181 2721 2452 2788 testibus
2485 2724 2598 2787 hic
2636 2719 2769 2785 fuit
2820 2720 3198 2785 consulatus
3244 2717 3419 2805 pri-⁸⁸

1868 2841 2021 2885 mus
2047 2869 2064 2898 ,
2114 2821 2300 2883 nullo
2325 2832 2529 2884 antea
2554 2820 2770 2882 altero
2789 2816 2945 2880 huic
2980 2829 3203 2884 terrae
3236 2816 3380 2888 filio

1870 2918 2126 2992 delato.
2178 2915 2405 2979 Serius
2437 2917 2680 2980 iterum
2730 2913 3114 3001 proceseiss'e
3153 2914 3382 2979 consu-

1866 3013 2001 3077 lem
2026 3062 2045 3092 ‚
2111 3013 2427 3097 ignorant
2469 3013 2653 3076 numi
2723 3008 3048 3095 fastique;
3148 3030 3388 3080 verum

1868 3108 1975 3172 his
2011 3107 2163 3195 plus
2189 3110 2364 3173 vidit
2399 3108 2890 3172 oculatissimus
2935 3105 3386 3192 Capitolinum

1871 3225 2009 3289 quo
2044 3200 2200 3269 teste
2244 3202 2328 3267 fic
2363 3226 2405 3267 a
2442 3204 2670 3266 senatu
2712 3205 3020 3287 Pupieno
3057 3215 3122 3262 et
3158 3201 3387 3265 Balbi-

1869 3315 1957 3364 no
1994 3300 2128 3363 fun
2177 3300 2637 3362 adclamatum
2669 3321 2684 3359 2
2747 3297 3116 3382 praesentem
3156 3313 3386 3361 annum

1869 3394 1985 3483 (V.
2006 3393 2101 3458 Ὀ.
2143 3390 2343 3474 991.)
2398 3391 2659 3479 consules
2692 3412 2804 3456 vos
2845 3394 3114 3465 emtis,
3166 3394 3232 3452 in
3292 3389 3387 3451 Ιο-

1867 3509 2002 3557 cum
2039 3489 2387 3555 Maxtmim‘
2406 3485 3165 3573 Gordianusficfficiatur.
3228 3484 3384 3546 Non

1867 3598 2115 3663 vacat,
2171 3584 2347 3648 hanc
2387 3580 2841 3667 quaestionem
2866 3579 3131 3663 longius
3168 3579 3386 3664 agita·

1865 3703 1973 3763 re,
2033 3701 2239 3766 quam
2307 3680 2575 3743 abunde
2624 3678 2941 3741 decidunt
3004 3677 3141 3755 ejus
3227 3675 3389 3737 anni

1864 3779 2087 3859 numi,
2141 3796 2313 3862 quoa
2375 3776 2768 3854 attulimuS,
2819 3770 3159 3857 inquibus
3195 3790 3386 3857 prae-

1864 3874 2136 3956 tertrib.
2158 3870 2555 3959 potestatem
2590 3871 2704 3935 lv.
2735 3870 2977 3954 legitur
3010 3865 3200 3939 COS.
3234 3866 3386 3930 fim-

1865 3971 2046 4057 plex.
2101 3971 2229 4034 His
2260 3967 2304 4032 ss
2336 3967 2544 4032 fidem
2583 3965 2916 4030 habuiss'et
2957 3963 3386 4028 Tillemonti-

1865 4088 1942 4133 us
1966 4109 1991 4141 -‚
2048 4067 2302 4131 neceffe
2338 4085 2480 4129 nom
2513 4062 2780 4139 fuiss'et,
2832 4061 3009 4126 hunc
3046 4057 3388 4145 Capitoli-

1862 4166 1931 4228 ni
1966 4164 2232 4240 locum,
2284 4176 2357 4226 ut
2398 4163 2626 4245 inepte
2666 4155 3081 4244 propofitum
3131 4168 3199 4219 et
3256 4156 3389 4220 ab·

1863 4261 2173 4342 surdum,
2216 4258 2566 4343 itasuapte
2599 4255 2992 4322 mendacem
3012 4302 3035 4338 ‚
3087 4251 3385 4335 explica-

1860 4358 2045 4419 tione
2067 4355 2355 4419 mollire.
2372 4343 2437 4435 b)
2489 4355 2748 4418 Numos
2768 4349 3129 4414 Maximini
3163 4346 3383 4411 inscri-

1864 4464 2017 4538 ptos
2060 4449 2252 4537 Cos,
2288 4451 2371 4515 11.
2412 4449 2639 4512 sinceri
2695 4445 2993 4531 catalogi
3048 4446 3383 4529 ignorant.

225 4576 3378 4613 mmm-W

320 4649 384 4719 a)
426 4637 741 4721 Herodian,
934 4655 995 4730 b)
1032 4653 1288 4746 Nota'V.
1324 4662 1380 4712 in
1417 4653 1715 4722 Maximis».
