4242 5459
835 522 979 596 254

1137 706 1370 773 IVST.
1401 702 1610 768 AVG.
1649 700 1946 770 COS.11.
1985 701 2191 790 Caput
2225 700 2369 767 lan-

1140 814 1407 870 reatum,

854 897 1329 967 AETERNIT
1335 897 1461 963 AS.
1495 895 1705 968 AvG.
1756 895 1942 963 Luna
1971 892 2370 984 intersaeptem

841 1001 1152 1086 planetas·
1202 997 1351 1058 AR.
1396 992 1662 1078 (Vaill.)

1140 1091 1379 1156 Antica
1417 1091 1674 1152 incerta.

848 1187 1309 1255 APOLLINI.
1330 1182 1713 1248 SANCTO.
1734 1182 1955 1267 Apollo
1982 1182 2373 1266 nudnstans

848 1286 916 1352 d.
946 1306 1190 1351 ramum
1228 1290 1410 1358 tenet,
1461 1290 1520 1346 et
1537 1279 1722 1369 sunu!
1746 1278 2055 1343 columnae
2085 1280 2367 1342 innixus.

850 1383 1002 1448 AR.
1058 1377 1367 1467 (Morelli
1407 1377 1696 1461 Specim.
1742 1376 1888 1440 tab.
1937 1375 2084 1453 lx.)

949 1479 1082 1542 Hic
1122 1493 1359 1538 numus
1377 1472 1672 1558 patriam
1716 1470 2150 1534 Antiochiam
2179 1489 2369 1555 aper·

851 1592 922 1644 te
952 1573 1342 1662 profitetut3
1395 1588 1555 1631 nam
1600 1566 1859 1630 exstant
1889 1568 2083 1630 aenei
2116 1567 2203 1630 11.
2231 1564 2369 1628 for·

851 1694 1013 1739 mae
1050 1666 1491 1733 verisimiliter
1546 1663 1829 1740 Iuliani,
1883 1664 1998 1744 qui
2046 1659 2370 1747 Apostata

853 1770 1144 1841 dicitur,
1199 1758 1805 1846 aetate-percussu
1858 1758 1924 1818 in
1972 1778 2254 1841 quorum
2298 1779 2369 1820 u.

848 1888 945 1936 na
964 1864 1142 1929 facie
1162 1859 1405 1944 legitur
1431 1879 1448 1920 ς
1471 1853 1952 1918 APOLLONI.
1979 1850 2369 1929 SANCTO,

852 1969 927 2030 in
974 1962 1220 2026 altera:
1292 1952 1596 2018 GENIO.
1645 1948 2173 2014 ANTIOXENI.
2253 1948 2368 2010 Ni.

852 2061 1101 2126 mirum
1158 2055 1328 2117 inter
1379 2047 1753 2135 praecipua
1804 2045 2081 2107 numina
2136 2044 2368 2108 Antio·

856 2155 1088 2222 chenis
1147 2148 1401 2234 Apollo
1462 2143 1635 2220 fuit,
1724 2143 1807 2204 de
1872 2160 2007 2226 quo
2062 2139 2367 2228 pluribus

854 2256 929 2321 in
964 2252 1209 2317 horum
1254 2254 1530 2309 moneta
1561 2241 1842 2326 egimus}

1595 2337 1624 2369 Q

1152 2441 1397 2509 Antica
1414 2393 1684 2501 ἶηεενεα.

857 2535 1189 2606 BONAE.
1246 2534 1466 2602 SPEL
1559 2531 1721 2616 Spes
1782 2523 2107 2613 g'radiens.
2224 2526 2373 2593 AR.

861 2632 1137 2724 (vam.)

960 2730 1259 2794 Similem
1296 2725 1479 2793 edidi
1513 2726 1579 2788 in
1609 2720 1943 2805 Catalogo
1970 2717 2174 2781 musei
2205 2714 2374 2781 Cae·

861 2826 1079 2898 farei,
1153 2824 1261 2885 sed
1309 2822 1735 2904 inscriptum:
1803 2815 2076 2878 BONA.
2131 2814 2377 2896 SPES,

863 2935 941 2988 at
962 2940 1111 2983 eum
1144 2918 1253 2980 hic
1274 2912 1611 2981 restituere
1632 2913 1938 2997 religioni
1966 2912 2171 2987 duco,
2209 2928 2377 2991 quo·

858 3020 1055 3084 niam
1109 3017 1355 3077 iterato
1414 3011 1484 3078 in
1524 3011 1847 3108 judicium
1907 3019 2184 3071 coactus
2243 3026 2379 3069 non

858 3115 1051 3182 levia
1080 3113 1316 3188 νοθειας
1346 3108 1602 3174 indicia
1660 3105 1999 3191 praebuit.
2067 3100 2380 3167 Ceterum

859 3211 1137 3281 BONA.
1168 3206 1372 3271 SPES
1412 3203 1610 3291 saepe
1638 3203 1708 3266 in
1743 3202 1959 3265 numis
1985 3193 2221 3263 Severi
2248 3200 2382 3264 hoe

862 3309 1109 3376 eodem
1141 3316 1449 3390 tempore
1487 3299 1752 3388 lignatis
1795 3299 2074 3383 legitur,
2128 3308 2200 3360 ut
2240 3298 2381 3359 uni-

842 3403 1107 3482 ‘verfim
1144 3414 1399 3465 certum
1440 3396 1567 3474 est,
1620 3396 1944 3460 Severum
1987 3406 2054 3456 et
2098 3393 2382 3478 Nigrum

862 3504 1115 3567 iisdem
1165 3498 1484 3587 persaepe
1508 3493 1694 3581 typis
1735 3492 1803 3554 in
1858 3499 2133 3553 moneta
2161 3488 2280 3552 sua
2310 3510 2381 3551 u·

863 3599 1000 3675 sos»,
1052 3616 1267 3678 neque
1297 3595 1367 3658 id
1406 3592 1717 3671 fortuito,
1769 3586 1879 3650 sed
1915 3587 1998 3648 de
2027 3583 2382 3659 industria3

865 3710 1029 3756 nam
1062 3690 1399 3753 habentur
1435 3690 1505 3750 in
1538 3689 1635 3750 iis·
1657 3683 2158 3771 inscriptiones,
2213 3699 2383 3766 quas

868 3787 942 3850 in
1010 3784 1303 3847 aliorum
1372 3782 1862 3867 imperatorum
1937 3769 2157 3842 nu'mis
2222 3797 2383 3840 nun·

872 3898 1078 3967 quam
1100 3879 1425 3964 reperias,
1480 3878 1644 3938 Vter
1679 3874 1965 3938 alterum
2000 3874 2383 3938 aemulatus

868 3978 949 4041 fit
979 4023 1000 4055 ,
1051 3993 1135 4038 ac
1171 3974 1376 4057 Spem
1434 3970 1632 4056 Spei,
1704 3971 2037 4032 Eventum
2092 3969 2384 4033 Eventui

870 4086 1002 4137 etc.
1047 4068 1473 4157 opposuerit,
1527 4067 1836 4129 decidere
1876 4061 2216 4129 difficile...
2275 4063 2385 4125 Ci-

871 4187 1030 4235 cero
1070 4166 1293 4231 bonam
1330 4163 1516 4248 Spem
1572 4159 2022 4247 desperationi
2081 4160 2388 4221 omnium

870 4281 1096 4328 rerum
1133 4261 1456 4345 opponit,
1502 4256 1567 4338 ⁸)
1621 4269 1689 4319 et
1728 4253 1919 4318 fuisse
1958 4256 2223 4317 Romae
2264 4273 2382 4337 po-

945 4502 998 4558 a)
1038 4503 1095 4552 in
1134 4496 1460 4551 Catilin.·11.
1498 4512 1543 4546 e.
1588 4507 1667 4550 rr.

875 4571 943 4630 Β.
972 4571 1039 4634 L,
1076 4570 1242 4622 Tom-
1279 4563 1496 4621 xxlv.
1531 4579 1593 4635 p.
1634 4576 1748 4632 ⁸⁰5·

1882 4488 1942 4559 b)
1982 4487 2053 4543 de
2088 4469 2240 4550 Fert.
2277 4488 2442 4552 Rom.
2479 4507 2536 4561 p.
2578 4507 2649 4544 m.
2683 4507 2805 4562 3²3·

1761 496 2590 580 PESCENNIVS
2690 500 3176 593 NIGER,

2454 701 2643 765 fitam
2678 723 2870 768 aram
2915 708 3234 772 Fortunae
3279 707 3498 772 Bonae
3549 699 3701 795 Sp'ei
3727 758 3747 788 ,
3798 708 3957 790 (Tu-

2453 819 2577 880 χης
2619 798 2995 881 Ευελπιδος)
3050 815 3386 866 memorat
3431 804 3855 874 Plutarchus.
3898 797 3958 888 l³)

2457 892 2780 958 Gruterus
2811 896 3119 980 vulgavit
3147 897 3447 982 lapidem
3486 900 3786 964 dicatum
3821 904 3958 967 ΒΟ-

2456 989 2661 1055 ΝΑΕ.
2701 990 2916 1056 SPEI.
2960 991 3171 1056 AVG.
3204 999 3264 1075 e)
3322 992 3547 1079 Caput
3593 999 3864 1062 anticae
3899 1001 3962 1062 in

2457 1084 2591 1150 hoc
2623 1106 2828 1150 numo
2865 1087 3274 1152 rarissimum
3307 1104 3513 1154 vocat
3529 1092 3980 1170 vallamus,-

2460 1193 2528 1243 et
2568 1195 2797 1245 tamen
2839 1183 3062 1267 quod,
3115 1198 3236 1248 aut
3270 1186 3473 1269 quale
3512 1184 3622 1265 fit,
3695 1191 3850 1272 quis
3908 1210 3966 1252 e·

2457 1277 2823 1365 pigraphes
2860 1280 3146 1359 modus,
3197 1301 3323 1367 pro
3375 1280 3666 1348 instituto
3703 1285 3823 1351 suo
3874 1306 3968 1350 re·

2462 1374 2646 1439 ticet.

2454 1558 2548 1636 B.
2745 1568 2932 1635 IMP.
2996 1525 3247 1634 ὅΑΕε.
3290 1528 3774 1636 c.‘PEscEN.
3828 1575 3968 1637 -Νι,

2750 1664 2951 1730 GER.
3003 1665 3232 1729 IVST.
3286 1665 3494 1729 AVG.
3585 1669 3788 1752 Caput
3845 1670 3969 1734 lau-

2746 1763 3030 1837 reatum,
3079 1766 3148 1825 in
3186 1760 3330 1826 aliis
3355 1809 3374 1838 ‚
3421 1772 3495 1827 ut
3528 1761 3625 1828 lit.
3669 1768 3752 1828 A.

2455 1854 2681 1917 BONI
2706 1855 3157 1923 EVENTVS.
3211 1857 3449 1921 Mulier
3459 1860 3644 1943 stans
3689 1860 3753 1925 d.
3791 1869 3974 1945 pate-

2455 1971 2597 2015 ram
2624 1972 2755 2016 cum
2782 1953 3132 2038 frugibus,
3167 1955 3226 2036 s.
3238 1954 3469 2039 spicas.
3522 1956 3727 2032 (Mus.
3749 1954 3974 2035 Caes.)

2553 2046 2758 2110 Numi
2807 2048 3046 2113 similes
3103 2049 3247 2112 sunt
3311 2053 3517 2114 etiam
3575 2053 3644 2114 in
3697 2063 3971 2116 moneta

2457 2141 2714 2206 Severi.
2810 2145 2917 2207 De
2980 2146 3176 2209 Bono
3245 2145 3506 2208 Eventu
3575 2147 3854 2211 abunde
3907 2166 3970 2208 o·

2457 2238 2580 2300 lim
2655 2241 2913 2327 egimus
2957 2243 3029 2306 ia
3107 2241 3400 2304 denariis
3448 2245 3666 2327 gentis
3713 2243 3974 2308 Scribo·

2459 2352 2639 2399 mae.

3024 2484 3053 2518 ἡ

2749 2529 2986 2595 Antica
3034 2532 3295 2594 incerta.

2463 2620 2814 2689 CERERI.
2857 2624 3459 2691 FRVGIFERAE.
3534 2624 3770 2693 Matar
3807 2629 3988 2715 stans

2461 2720 2526 2785 d.
2557 2722 2808 2810 spicas,
2844 2723 2903 2808 s.
2942 2719 3195 2810 hastam.
3249 2725 3391 2785 AR.
3448 2724 3650 2808 (Mus.
3712 2722 3941 2800 caes.)

2563 2818 2819 2881 Eadem
2897 2818 3136 2881 aversa
3213 2816 3300 2881 est
3367 2820 3566 2882 etiam
3634 2820 3701 2879 in
3754 2819 3993 2882 numia

2466 2912 2699 2977 Severi
2736 2916 2919 2977 circa
2949 2913 3131 2977 idem
3173 2926 3441 2999 tempus
3486 2914 3772 3001 [ignatis.

2471 3096 2557 3171 c.
2753 3105 2943 3168 ῙΜΡ.
2980 3061 3227 3172 ciffis,
3257 3065 3497 3173 ense.
3537 3102 4001 3171 monarv-

2765 3200 3015 3265 STVS.
3048 3200 3257 3267 AVG.
3314 3203 3517 3289 Caput
3539 3204 3931 3268 laureatum.

2468 3295 3029 3362 CONCORDIA.
3077 3299 3150 3360 P.
3196 3299 3266 3363 P.
3320 3301 3557 3364 Mulier
3564 3302 3750 3386 stam
3777 3299 3849 3365 d.
3880 3298 4000 3364 ela·

2468 3401 2559 3472 ta,
2591 3395 2650 3483 s
2674 3392 2902 3479 duplex
2917 3396 3338 3477 cornucopiae.
3366 3399 3509 3462 AV.
3545 3396 3743 3478 (Reg.
3770 3392 4003 3476 Gall.)

2574 3493 2823 3554 Vnicus
2863 3489 2974 3553 hic
3013 3488 3098 3551 est
3140 3509 3380 3554 numus
3433 3510 3679 3553 aureus
3718 3491 4006 3554 Pescen·

2473 3587 2606 3672 nii,
2661 3606 2860 3672 quem
2913 3586 3271 3671 genuinum
3331 3586 3631 3671 agnoscit
3683 3587 4007 3652 eruditus

2478 3685 2563 3747 de
2605 3684 2814 3758 Boze‚
2867 3684 2980 3764 qui
3019 3702 3168 3767 eum
3216 3682 3282 3744 in
3307 3681 3599 3744 museum
3626 3682 3811 3765 regis
3837 3679 4015 3744 Gal-

2473 3779 2718 3843 liarum
2768 3777 3032 3854 intulit,
3086 3778 3262 3841 etin
3315 3777 3678 3863 pretiosum
3705 3775 3896 3841 istud
3924 3778 4015 3840 ci·

2475 3876 2752 3939 melium
2840 3873 3098 3957 erudite
3171 3885 3667 3937 commentatus
3721 3871 3872 3952 est,
3949 3864 4017 3956 ὅ)

2478 3990 2613 4054 quo
2650 3969 2805 4031 loco
2839 3978 2905 4029 et
2942 3986 3186 4031 aureos
3220 3989 3454 4034 omnes
3493 3970 3836 4034 hactenus
3898 3989 4012 4033 co-

2475 4066 2734 4148 gnitoS‚
2805 4061 2912 4125 sed
2966 4065 3274 4127 moderni
3331 4084 3564 4129 omnes
3620 4067 4019 4132 commatis

2473 4171 2990 4223 commemorat.
3041 4162 3115 4221 In
3143 4161 3460 4246 catalogo
3499 4161 3699 4223 musei
3770 4164 3849 4226 d’
3883 4162 4018 4224 En·

2474 4274 2643 4337 nery
2665 4274 2907 4344 aureus
2926 4256 3086 4318 item
3115 4258 3426 4341 proditur
3443 4255 3808 4342 inscriptus
3833 4257 4024 4322 Mo-

3014 4493 3073 4557 e)
3110 4489 3242 4560 Pag.
3285 4509 3433 4563 1075·
3475 4511 3524 4550 ι.
3704 4490 3773 4560 d)
3825 4494 4022 4550 Mem.
