4242 5459
1150 551 1161 555 ·
1257 524 2061 603 ANTONINVS
2162 525 2484 603 PIVS.

428 823 433 828 ι
603 731 837 801 Eadem
890 728 1169 816 adversa.

292 837 500 903 IMP.
540 830 615 896 L.
654 830 979 894 AVREL.
1014 830 1067 889 V
1075 826 1324 892 ERVS.
1368 825 1573 890 AVG.
1632 826 1833 910 Caput

288 937 379 1005 L.
427 931 591 1001 Vm·
623 930 868 992 nudum.
919 925 1070 988 AR.

401 1027 776 1114 Singularis
812 1021 925 1086 hic
974 1041 1255 1096 numne,
1305 1019 1421 1083 nili
1463 1016 1642 1083 forte
1694 1035 1831 1080 una

294 1122 727 1217 permutatio
773 1118 1115 1202 matriciS,
1169 1130 1290 1180 aut
1317 1115 1685 1200 quaepiam
1713 1134 1827 1176 ve·

288 1228 465 1290 teris
496 1217 876 1306 impostoris
915 1213 1104 1277 fraus
1144 1213 1537 1298 singularem
1578 1210 1829 1285 effecit,

294 1326 532 1387 editus
571 1314 659 1380 est
692 1336 736 1378 a
772 1310 1093 1398 Vignolio
1143 1312 1211 1374 in
1248 1309 1706 1375 differtatione
1743 1307 1829 1369 de

296 1420 651 1485 Columna
692 1415 848 1476 Ant.
889 1429 957 1494 p.
1008 1410 1171 1491 167,
1298 1452 1303 1456 .

692 1606 935 1671 Numi
1024 1600 1448 1667 Antonini

423 1705 865 1791 antiquitatem
908 1700 1259 1767 Romanam
1303 1698 1700 1784 restituentes.

394 1905 491 1967 Vt
522 1896 921 1980 religionem
964 1892 1251 1967 avitam,
1307 1907 1390 1952 ac
1421 1885 1830 1951 caerimoni-

286 1994 368 2065 εἰς
410 1997 814 2062 conservare
852 1993 1193 2075 integrae,
1245 2004 1328 2049 ac
1382 2003 1589 2068 puras
1640 1981 1829 2044 omni

285 2085 735 2162 contentione
776 2086 1219 2151 adlaboravit
1269 2080 1677 2154 Antoninus,
1725 2089 1825 2139 at·

284 2212 431 2276 que
476 2189 689 2252 etiam
724 2184 857 2246 hoc
896 2182 1096 2245 titulo
1143 2180 1315 2242 alter
1352 2178 1577 2239 Numa
1614 2174 1821 2256 vulgo

284 2287 379 2353 est
422 2267 753 2357 habitus,
804 2281 904 2343 ita
938 2291 1005 2342 et
1040 2279 1309 2340 Romae
1359 2271 1711 2344 nascentia,
1743 2288 1825 2330 ac

140 2431 159 2448 .
277 2383 499 2474 primi
554 2382 695 2460 ejus
724 2378 895 2439 aevi·
915 2374 1229 2460 prodigia
1267 2371 1526 2432 summa
1556 2366 1823 2450 religio·

277 2502 367 2547 ne
384 2474 815 2549 observavit,
859 2488 1231 2553 eorumque
1266 2463 1665 2536 memoriam
1689 2480 1827 2544 qua

277 2576 526 2666 potuit
574 2571 842 2635 ratione
896 2567 986 2632 ad
1043 2563 1515 2628 renovandum
1569 2558 1823 2621 civium

274 2677 349 2738 in
390 2666 696 2759 patriam
740 2663 1045 2728 amorem
1081 2659 1459 2725 revocavit.
1544 2654 1823 2718 Acuerit

274 2768 674 2856 principem
711 2762 907 2847 super
961 2761 1264 2822 innatam
1324 2755 1649 2839 pietatem
1699 2771 1814 2813 na-

280 2866 457 2931 talis
517 2862 703 2925 urbis
767 2854 1337 2941 nongentesimus,
1392 2868 1591 2932 quem
1648 2846 1813 2910 cele-

276 2961 479 3027 brari
529 2959 590 3020 [e
646 2945 1029 3040 imperante
1064 2947 1366 3031 contigit.
1411 2945 1515 3007 De
1563 2946 1702 3026 ejus
1748 2946 1817 3006 in

274 3058 775 3140 antiquitatem
835 3049 1133 3134 patriam
1169 3041 1603 3107 observantia
1648 3040 1817 3103 nihil

276 3152 672 3221 memoriae
728 3145 1095 3233 prodidere
1150 3137 1524 3226 superstites
1588 3156 1813 3199 rerum

275 3236 761 3317 Romanarum
805 3243 1181 3326 scriptores,
1263 3236 1530 3297 Tamen
1569 3232 1815 3318 insigne

272 3355 429 3431 ejus
470 3344 731 3407 factum
768 3340 899 3401 huc
942 3337 1280 3420 pertinens
1320 3340 1815 3393 commemorat

272 3440 666 3511 Pausanias
690 3485 708 3514 ,
762 3435 877 3518 qui
901 3443 1172 3505 narrat,
1227 3426 1641 3490 Antoninum
1660 3424 1813 3488 Pal·

270 3539 577 3608 lantium
599 3532 983 3606 Arcadiae,
1034 3546 1189 3590 cum
1224 3525 1415 3588 vicus
1435 3521 1590 3583 ess'et
1618 3522 1816 3603 igno..

274 3638 492 3718 bilis,
544 3633 611 3694 in
642 3628 831 3691 urbis
866 3623 1162 3687 formam
1205 3616 1552 3703 ampliasse
1577 3662 1596 3690 ,
1626 3617 1812 3678 libe·-

271 3749 618 3812 rumque,
672 3738 740 3789 et
787 3743 829 3786 a
867 3720 1139 3785 tributis
1185 3720 1485 3780 immune
1538 3710 1812 3791 feciss‘e,

272 3828 614 3916 quoniam
685 3822 840 3885 inde
902 3823 1054 3882 cum
1124 3813 1387 3878 colonis
1461 3806 1809 3895 profectus

268 3923 606 3990 Evander
644 3930 921 4003 propter
946 3912 1254 3979 Tiberim
1304 3930 1387 3973 eo
1444 3907 1600 3970 loco
1646 3925 1805 3970 con.

268 4025 488 4096 sedit,
541 4019 653 4101 qui
690 4034 847 4100 pars
872 4010 1100 4098 postea
1130 4009 1315 4071 urbis
1355 4007 1618 4069 Romae
1652 4003 1815 4067 fue-·

272 4133 431 4194 rat,
486 4127 555 4177 et
596 4111 722 4198 pro
768 4108 1109 4172 Pallantio
1168 4104 1416 4167 ablatis
1454 4101 1608 4164 inde
1663 4101 1807 4164 lite·

267 4219 369 4278 ris
411 4212 475 4274 L
513 4222 581 4274 et
626 4210 685 4271 N
732 4204 1046 4273 Palatium
1069 4203 1144 4266 fit
1191 4202 1465 4262 dictum.
1499 4199 1564 4279 ⁸)
1608 4199 1807 4263 Prae-

3349 561 3436 620 29

1913 725 2439 813 dedicalumque
2483 728 2825 794 AntonIno
2851 729 3239 804 OPTIMO.
3269 739 3460 807 MA„

1914 828 2244 908 XIMOQ.
2293 825 2702 891 PRINCIPI.
2759 829 2903 892 ET.
2958 830 3181 898 CVM.
3217 840 3458 903 SVM..

1918 927 2075 986 MA.
2151 922 2807 987 BENIGNITATE.
2893 927 3436 1005 IVSTISSIMO.

1913 1021 2057 1082 OB.
2117 1019 2578 1083 INSIGNEM.
2638 1020 2903 1085 ERGA.
2988 1023 3440 1097 CAERIMO.

1912 1116 2145 1179 NIAS.
2189 1115 2655 1181 PVBLICAS.
2702 1116 3050 1186 CVRAM.
3097 1121 3240 1189 AC.
3291 1128 3439 1192 RE.

1916 1211 2395 1276 LIGIONEM.
2453 1216 2540 1275 At
2571 1215 2785 1276 multo
2817 1214 2989 1278 illud
3024 1225 3237 1306 magis
3279 1244 3436 1290 con·

1915 1308 2189 1373 firmant
2225 1309 2407 1371 numi
2450 1311 2634 1394 pium
2673 1311 2805 1373 hoc
2844 1314 2982 1391 ejus
3013 1313 3292 1383 studium
3322 1325 3454 1388 deu

1915 1408 2435 1490 praedicantes,
2510 1407 2625 1489 qui
2715 1407 3020 1493 plerique
3090 1418 3439 1485 maximae

1912 1502 2184 1566 formae
2217 1502 2403 1581 sunt,
2482 1523 2655 1588 quos
2713 1505 2891 1566 adeo
2947 1528 3182 1574 omnes
3244 1534 3435 1601 argu.

1914 1601 2121 1660 menti
2163 1600 2366 1662 causa
2399 1598 2588 1662 lubet
2642 1601 2883 1663 eodem
2937 1605 3095 1670 loco
3150 1609 3216 1671 in
3274 1631 3456 1676 con--

1910 1694 2210 1781 spectum
2259 1695 2450 1759 dare.

2476 1844 2504 1875 ιι
2832 1847 2862 1877 ιι
3447 1831 3458 1838 ’

2205 1887 2758 1955 ANTONINVS.
2797 1892 3243 1962 AVG.-PIVS.
3272 1902 3335 1966 Ρ.
3361 1903 3450 1967 P..

2207 1987 2271 2048 T
2278 1986 2355 2048 R.
2389 1987 2461 2050 P.
2506 1985 2843 2053 COS.111.
2949 1993 3160 2077 Caput
3184 1996 3449 2066 laurea--

2206 2093 2370 2147 tum.-

1909 2178 2063 2242 Sine
2102 2175 2464 2262 epigraphe.
2517 2179 2813 2248 Hercules
2829 2184 2890 2269 s.
2941 2184 3133 2251 leonis
3172 2195 3455 2260 exuvias·

1910 2283 2154 2347 tenens,
2208 2274 2530 2337 dexteram
2555 2321 2571 2348 ,
2624 2296 2748 2359 qua
2781 2282 3017 2344 clavam
3058 2293 3244 2361 tenet,
3294 2295 3448 2372 qni--

1911 2367 2174 2432 busdam
2209 2367 2665 2451 deosculandam
2695 2377 3023 2456 porrigit;
3054 2379 3257 2462 juxta
3307 2387 3431 2448 Ca-

1911 2485 2019 2528 cus
2062 2461 2231 2528 humi
2243 2467 2526 2552 stratus,
2578 2476 2637 2530 et
2668 2467 2927 2553 specus,
2980 2493 3060 2535 ex
3103 2495 3224 2559 quo
3267 2501 3433 2562 pro-

1909 2569 2154 2625 tractus
2183 2560 2341 2646 fuit.
2404 2560 2537 2624 ΑΕ.
2587 2582 2675 2626 m.
2729 2586 2816 2626 m.
2873 2569 3077 2652 (Mus.
3117 2572 3430 2660 Albani.)

2006 2657 2190 2720 Nota
2230 2678 2315 2720 ex
2372 2658 2699 2744 Virgilio,
2767 2663 3065 2743 Ovidio,
3141 2668 3429 2757 aliisque

1907 2752 2073 2818 Caci
2133 2754 2451 2831 esuriti0‚
2529 2769 2594 2818 et
2640 2758 3000 2824 latrocinia
3057 2785 3140 2827 ex
3202 2782 3429 2833 monte

1904 2852 2272 2929 Aventino,
2327 2871 2523 2934 quem
2548 2855 2807 2930 insedit,
2860 2859 3083 2923 vicina
3118 2860 3423 2928 infestan-

1903 2949 1986 3009 tis
2008 2995 2028 3027 ‚
2082 2950 2356 3033 ejusque
2380 2949 2657 3014 exitium
2686 2951 2775 3014 ab
2817 2953 3105 3018 Hercule
3139 2958 3424 3026 abactas

1902 3041 2117 3106 boves
2162 3056 2502 3127 repetente
2547 3048 3025 3114 acceleratum.
3081 3052 3273 3120 Grati
3312 3080 3421 3122 ac-

1900 3138 2095 3200 colae
2120 3186 2140 3215 ,
2198 3159 2350 3201 nam
2392 3154 2540 3203 erat
2577 3144 2684 3206 hic
2720 3146 2977 3228 praedo
3025 3170 3151 3212 non
3201 3149 3419 3243 levefi-

1896 3237 2137 3300 nitimis
2179 3233 2628 3323 hospitibusque
2669 3240 2894 3305 malum
2934 3242 3088 3307 teste
3127 3247 3421 3327 Nasone,

1896 3327 1955 3410 ⁰)
1992 3332 2328 3393 vindicem
2377 3332 2762 3404 liberatoris
2799 3325 3174 3409 ‚dexteram
3233 3347 3422 3411 deos·

1899 3425 2203 3489 culant‘es
2250 3428 2318 3489 in
2366 3432 2636 3514 egregio
2677 3432 2809 3495 hoc
2847 3435 3119 3499 cimelio
3169 3459 3421 3525 propo·

1893 3535 2158 3586 nuntur.
2213 3521 2380 3586 Caci
2399 3539 2870 3607 argumentum
2904 3529 3263 3595 exhibetur
3298 3538 3420 3599 eti·

1898 3619 2105 3682 amin
2147 3637 2353 3679 numo
2393 3619 2648 3682 Aurelii
2686 3619 3029 3701 Caesaris,
3081 3645 3284 3710 quem
3322 3634 3418 3695 vi·

1896 3714 1980 3773 de
2022 3712 2201 3775 infra
2239 3714 2608 3776 ad'annum
2650 3718 2734 3782 V.
2787 3714 2867 3782 C.
2912 3738 3072 3803 900.
3142 3727 3317 3791 Vide
3353 3742 3420 3792 et

1893 3828 2138 3872 numos
2173 3809 2515 3894 sequentes
2553 3814 2746 3877 duos.

2068 4013 2075 4019 ·
2186 3962 2735 4071 ANTossqus.
2771 3966 2967 4073 Α’νΡ.
2992 4014 3205 4081 1>1vs‚
3230 4018 3302 4083 P.
3333 4021 3408 4087 P.

2183 4103 2327 4166 TR.
2365 4105 2431 4165 P.
2474 4103 2719 4167 XVIII.
2796 4106 2998 4190 Caput
3033 4111 3409 4185 laureatum.

1889 4196 2079 4262 COS.
2118 4202 2257 4262 1111.
2311 4198 2605 4263 Hercules
2623 4201 2680 4286 s.
2717 4201 2991 4283 clavam,
3045 4219 3107 4272 et
3147 4216 3412 4279 exuvias

262 4325 376 4376 ter
413 4304 664 4372 illustre
710 4305 842 4367 hoc
893 4297 1338 4364 testimonium
1401 4293 1663 4379 praesto
1719 4293 1805 4357 est
1887 4294 2077 4359 leonis
2114 4296 2175 4358 d.
2214 4302 2503 4379 pateram
2540 4306 2748 4362 tenens
2784 4300 2872 4364 ad
2912 4322 3094 4368 aram
3136 4311 3411 4391 ignitam

264 4410 489 4473 etiam
528 4420 830 4466 marmor
874 4397 1225 4483 vulgatum
1269 4390 1684 4468 aFabrettO,
1741 4379 1805 4470 1’)
1865 4392 2210 4483 sacrificat,
2256 4405 2461 4476 popae
2492 4394 2614 4457 duo
2650 4405 2903 4461 taurum
2941 4381 3243 4482 attinent,
3296 4409 3406 4472 ad-

352 4616 414 4683 ι)
446 4613 521 4674 L,
556 4611 721 4665 vm.
760 4628 807 4664 c.
832 4621 933 4684 ⁶43.

1124 4604 1192 4672 b)
1226 4600 1470 4675 Inscript.
1505 4619 1629 4676 cap.
1666 4603 1741 4657 X.
1780 4621 1837 4657 n.
1872 4604 1960 4656 62.

2238 4532 3416 4565 -“““““““““··“·-“““···-··-·-·-----

2154 4603 2207 4671 c)
2247 4601 2392 4664 Fan.
2427 4602 2478 4665 1.
2510 4618 2634 4674 552.
