4242 5459
2384 483 2864 628 MAEs‘A.

835 529 974 624 266
1483 545 1524 574 ⁹
1895 550 1934 630 Ῑ
1949 552 2036 629 V
2057 551 2133 628 L
2152 551 2193 629 I
2209 552 2291 631 A

2100 852 2163 917 P
2174 850 2313 918 RE
2335 851 2455 919 TI
2473 850 2545 920 V
2556 852 2656 921 Μ.

824 1047 1160 1115 Commentis
1205 1043 1512 1113 Romani.-

847 1212 856 1221 ,
1009 1145 1238 1220 Aurei,
1521 1172 1548 1185 -
1631 1183 1638 1190 -
1742 1147 1777 1188 ”-“
1972 1176 2001 1191 ·
2200 1179 2228 1189 -
2870 1155 2905 1166 “
3091 1153 3127 1195 2·
3323 1181 3345 1196 -
3538 1141 3811 1207 RRRR.

895 1237 928 1243 ”
1011 1237 1331 1324 Argentei
1859 1293 1886 1302 d
2246 1323 2253 1328 ἱ
2872 1279 2902 1295 -
3319 1273 3347 1292 ·
3542 1239 3661 1301 vix
3688 1239 3782 1308 R.

1006 1335 1220 1396 Aenei
1262 1335 1312 1397 Ι.
1372 1345 1439 1396 et
1496 1332 1581 1397 11.
1637 1329 1902 1394 formae
2196 1372 2233 1388 -
3321 1371 3356 1390 -
3545 1333 3629 1395 R.

814 1429 1149 1497 Coaenmatir
1171 1432 1540 1517 peregrini.-
1591 1441 1663 1493 ut
1709 1429 2030 1494 continuo
2072 1428 2352 1497 dictum.
2380 1501 2395 1514 ,

1917 1716 2272 1784 IVLIA

900 1923 1217 1987 Domnae
1254 1914 1485 1990 soror,
1538 1908 1966 1975 Soaemiadis
2004 1929 2091 1973 ex
2151 1909 2321 1975 Iulio

805 2023 1010 2088 Avito
1037 2029 1278 2092 mater,
1330 2007 1688 2094 Elagabali
1721 2009 1903 2072 avia.
1954 2004 2317 2090 Postquam

800 2119 1090 2183 Severus
1123 2110 1481 2195 imperium
1511 2103 1883 2180 invaserat,
1938 2123 2022 2165 ex
2056 2104 2318 2186 patriae

799 2212 1079 2278 Emesae
1115 2206 1395 2271 latebris
1441 2201 1681 2264 sororis
1721 2198 2050 2262 beneficio
2095 2200 2164 2259 in
2197 2218 2316 2261 au·

796 2307 937 2374 lam
971 2306 1328 2379 traducta,
1358 2298 1570 2380 futuri
1605 2315 1738 2358 non
1795 2294 2189 2379 improvida
2215 2294 2310 2356 rei

793 2401 1238 2493 pecuniariae
1271 2413 1552 2482 operam
1587 2392 1773 2455 dedit
1801 2437 1819 2465 ‚
1874 2391 2058 2473 quod
2098 2392 2161 2450 ei
2201 2390 2315 2451 de-

794 2500 1029 2586 inceps
1056 2484 1300 2581 magno
1336 2492 1424 2555 ad
1458 2486 1915 2574 perficienda,
1969 2505 2145 2568 quae
2178 2505 2317 2547 me-

793 2596 1177 2668 ditabatur,
1231 2591 1618 2668 adjumento
1663 2580 1816 2644 fuit.
1883 2582 2059 2644 Nam
2119 2580 2313 2641 caeso

2392 1717 2807 1787 MAESA.

2403 1909 2534 1974 stae
2579 1913 2778 1977 titulo
2824 1922 3113 1993 ornata,
3177 1905 3436 1977 verum*
3473 1930 3623 1976 cum
3672 1911 3919 1977 mulier

2401 2007 2757 2094 perspicax
2794 2007 3124 2072 funestum
3159 2011 3425 2094 nepotis
3464 2010 3718 2072 exitum
3751 2028 3921 2093 prod

2396 2116 2547 2187 pter
2592 2104 3024 2188 intractabile
3090 2109 3228 2184 ejus
3290 2104 3675 2190 ingenium,
3749 2104 3917 2168 alte·

2393 2219 2676 2282 ramque
2711 2220 2929 2264 rerum
2968 2198 3232 2263 suarum
3272 2198 3775 2265 conversionem
3813 2203 3911 2281 ju·

2391 2314 2465 2358 re
2517 2308 2881 2372 metueret,
2935 2296 3067 2358 hac
3135 2295 3279 2378 ipsa
3337 2299 3475 2376 ejus
3529 2295 3786 2359 insania
3840 2296 3913 2357 in

2390 2411 2533 2453 rem
2573 2392 2760 2454 suam
2822 2391 2978 2468 usa,
3049 2391 3405 2476 persuadet
3476 2389 3908 2475 Elagabalo,

2389 2499 2461 2549 ut
2484 2534 2504 2563 ,
2558 2489 2877 2570 quoniam
2912 2486 3047 2572 ipse
3066 2488 3183 2577 ’dei
3216 2487 3311 2572 sui
3343 2487 3526 2549 cultu
3548 2533 3568 2563 ,
3622 2485 3905 2549 divinis·

2388 2601 2518 2663 que
2558 2583 2988 2645 caerimoniis
3031 2581 3487 2660 distineretur,
3541 2580 3910 2664 adoptaret

791 2689 1162 2755 Caracalla
1192 2684 1353 2750 aula
1387 2681 1712 2744 excedere
1741 2676 1951 2757 juss'a,
2005 2674 2310 2735 Emesae-
2385 2674 2858 2739 consobrinum
2903 2678 3411 2754 Alexandrum,
3486 2677 3601 2759 qui
3653 2696 3780 2760 pro
3836 2675 3901 2738 se

788 2807 922 2870 que
957 2787 1111 2847 suae
1147 2779 1488 2853 restituta,
1558 2791 1711 2835 cum
1765 2769 2041 2832 adsueta
2094 2768 2306 2852 splen·
2380 2781 2645 2832 terrena
2691 2787 2977 2836 curaret.
3020 2762 3084 2852 ¹²)
3135 2773 3370 2857 Neque
3406 2784 3552 2835 erat
3612 2771 3703 2835 ad
3756 2792 3902 2835 mu-

786 2881 940 2945 dori
985 2878 1209 2939 aulico
1247 2874 1552 2955 privatas
1587 2866 1903 2928 tenebras
1949 2861 2305 2942 fastidiret,
2377 2865 2559 2929 lieris
2638 2866 2916 2931 salutem
2991 2867 3334 2931 confilium
3426 2867 3903 2952 opportuniuS,

784 2976 1184 3054 videretque
1223 2967 1439 3029 minus
1463 2960 1743 3049 probari
1785 2958 2111 3022 militibus
2154 2960 2303 3021 Ma·
2378 2963 2799 3045 certiusque3
2856 2985 3009 3027 nam
3052 2983 3201 3026 cum
3250 2964 3408 3026 φηςι
3427 2964 3802 3027 communis
3828 2971 3903 3024 et

720 3137 724 3144 ,
786 3070 1068 3140 crinum,
1109 3063 1325 3127 didita
1357 3060 1529 3122 inter
1555 3059 1678 3119 hos
1707 3053 1923 3133 fama,
1974 3068 2303 3138 tanquam
2374 3056 2770 3142 Elagabali‚
2845 3073 2914 3121 et
2965 3060 3341 3122 Alexandri
3397 3061 3597 3136 avia,
3650 3077 3903 3142 quam-

779 3183 995 3249 nepos
1037 3155 1451 3246 Elagabalus
1510 3152 1939 3217 Soaemiadis
2005 3151 2160 3213 suae
2215 3170 2304 3214 ex
2373 3172 2636 3235 cunque
2690 3155 2933 3217 deinde
2974 3152 3320 3218 fortunam
3386 3155 3510 3217 illa
3559 3156 3901 3237 experire·

783 3257 1147 3326 Caracalla
1182 3254 1358 3318 filius
1415 3250 1609 3326 ess’et,
1696 3266 1814 3312 eos
1875 3267 2011 3311 non
2077 3248 2298 3310 minus
2370 3260 2516 3326 tur,
2571 3263 2886 3334 paratum
2941 3250 3179 3313 habuit
3238 3252 3508 3335 imperii
3572 3248 3903 3312 success‘o-
3974 3303 3983 3314 ,

777 3343 1220 3422 Antoniniani
1260 3349 1551 3413 nominis
1586 3342 2060 3429 superstitione,
2089 3363 2295 3426 quam
2370 3363 2513 3406 rem
2536 3371 2558 3427 ·,
2612 3345 2899 3408 alterum
2950 3367 3034 3408 ex
3089 3346 3232 3409 filia
3297 3348 3627 3408 Mamaea
3691 3363 3901 3428 nepo.

771 3441 1061 3543 profusis
1104 3443 1574 3533 largitionibus
1612 3441 1920 3525 impulit,
2000 3451 2071 3501 ut
2141 3439 2293 3501 Ela-
2366 3452 2531 3507 tem.
2588 3442 2855 3503 Revera
2896 3443 3001 3504 hic
3048 3442 3277 3503 everso
3323 3454 3602 3526 propter
3660 3440 3896 3503 crimi-

771 3549 1096 3638 gabalum
1121 3543 1431 3608 Macrino
1467 3534 1866 3614 sufficerent,
1908 3533 2293 3617 effecitque,
2369 3556 2530 3598 num
2577 3540 3011 3600 atrocitatem
3060 3537 3435 3620 Elagabalo
3481 3555 3702 3597 rerum
3756 3535 3895 3617 spo-

771 3660 848 3710 ut
878 3645 1186 3708 oblatum
1220 3638 1577 3723 imperium
1635 3632 1852 3695 relata
1904 3630 2139 3714 insigni
2191 3631 2291 3693 vi.

774 3741 998 3806 ctoria
1047 3735 1450 3812 solidarent,
1501 3748 1709 3812 quam
1761 3728 1905 3812 ipsa
1969 3745 2106 3789 non
2171 3744 2288 3808 pa·

768 3855 921 3903 rum
959 3829 1337 3917 promovit,
1394 3824 1667 3908 quando
1697 3822 2107 3907 fugientibus
2144 3825 2285 3903 Jam

764 3929 899 3998 'ruis
939 3931 1006 3991 in
1047 3925 1342 3988 mediam
1405 3922 1624 3983 aciem
1671 3938 1824 3980 cum
1875 3917 2286 3981 Soaemiade

770 4024 1144 4117 provolans
1181 4016 1566 4100 exemplum
1601 4017 1668 4076 in
1724 4014 1787 4077 se
1837 4014 2105 4077 virtutis
2131 4049 2177 4086 ,.
2220 4023 2286 4074 et

774 4122 982 4189 animi
1027 4114 1343 4198 intrepidi
1387 4110 1597 4175 dedit.
1638 4108 1705 4187 ⁸)
1810 4109 1918 4173 Ob
1955 4109 2284 4171 collatam

770 4216 1086 4286 illustrem
1150 4213 1326 4273 hanc
1394 4226 1679 4292 operam
1753 4216 1954 4267 aucta
2008 4203 2284 4285 quidem

774 4313 1048 4380 subinde
1089 4305 1464 4373 honoribus
1512 4301 1866 4377 omnibus,
1923 4310 1990 4362 et
2059 4302 2285 4385 Augu-

2365 3633 2527 3694 titus
2565 3633 2752 3694 omni
2797 3632 3227 3695 observantia
3261 3634 3491 3694 aviam
3542 3629 3627 3693 est
3674 3630 3897 3716 prose-

2368 3738 2601 3804 cutus,
2655 3726 2798 3812 ipsa
2850 3739 3013 3790 vero
3073 3730 3405 3811 participe
3462 3726 3892 3790 consiliorum

2365 3824 2694 3886 Mamaea
2737 3843 2872 3886 non
2932 3824 3208 3886 cess'avit
3269 3824 3637 3907 praeclaris
3676 3823 3895 3884 moni-

2363 3920 2451 3980 tis
2504 3920 2805 3981 imbuere
2866 3919 3390 3982 adolescentiam
3446 3920 3754 4002 nepotiS,
3822 3929 3896 3980 et

2365 4027 2627 4077 veteres
2657 4036 2879 4078 mores
2916 4036 3036 4101 per
3057 4015 3332 4077 alterius
3365 4013 3719 4075 infamiam
3744 4032 3897 4082 cor-

2362 4123 2599 4193 ruptos
2649 4130 2998 4174 revocare.
3086 4111 3393 4194 Denique
3434 4121 3742 4187 mortua,
3816 4121 3897 4171 ut

2365 4217 2728 4287 optaverat
2755 4256 2776 4289 ‚
2825 4207 3223 4290 tranquille,
3277 4218 3342 4268 et
3364 4204 3452 4267 ab
3492 4203 3895 4268 Alexandro

2363 4299 2720 4365 coelitibus
2756 4303 3003 4368 inserta
3038 4300 3162 4380 est,
3228 4313 3300 4366 ut
3347 4301 3636 4367 dicetur.

773 4538 3907 4576 W

852 4623 924 4688 ι)
960 4614 1075 4674 mo
1111 4613 1174 4669 1..
1209 4609 1541 4668 Lxxvm.
1578 4609 1610 4681 ς
1643 4617 1733 4680 3⁸.

1919 4607 1979 4678 b)
2023 4605 2326 4669 Herodian,

2362 4609 2421 4662 in
2456 4608 2617 4682 Elag,
