4242 5459
1250 551 2062 644 ANTONINVS
2153 552 2478 634 ›PIVS.

610 740 1168 822 ANTonvS.
1195 757 1401 825 Avo.
1422 759 1639 824 P1VS.
1665 760 1741 826 P.
1758 759 1835 827 P.

609 852 674 913 T
679 854 757 916 R.
796 852 868 915 Ρ.
912 855 1115 920 ΧΠΙΙ.
1184 856 1387 939 Caput
1438 854 1786 920 laureatum
1811 901 1831 932 ,

609 948 706 1012 vel
744 950 1014 1027 nudum,
1060 954 1130 1016 iu
1166 953 1325 1018 AV.
1362 951 1513 1016 AR.
1543 953 1783 1021 AEJ.

301 1034 403 1109 Β.
608 1044 801 1110 ΙΜΡ.
851 1044 1095 1113 CAES.
1149 1048 1239 1117 T.
1282 1047 1485 1113 AEL.
1547 1046 1831 1110 HADR.

609 1142 1164 1210 ANTONINVS.
1227 1141 1438 1208 AVG.
1481 1142 1700 1207 Ple.
1756 1142 1831 1207 P.

596 1237 687 1300 P.
746 1239 951 1322 Caput
1000 1238 1346 1305 laur-cauam
1368 1287 1388 1315 ,
1457 1240 1554 1303 vel
1578 1237 1834 1316 nudum,

617 1334 686 1396 in
720 1334 888 1410 AV.
928 1335 1079 1402 AR.
1118 1337 1267 1403 AE.
1308 1339 1369 1410 Ι.
1413 1335 1517 1400 II.

306 1620 526 1782 ogs}
543 1624 596 1689 ll
607 1526 716 1690 Ιῖι
731 1526 1023 1688 1121·ιὲὶί
1048 1619 1252 1688 obviis
1282 1623 1473 1707 typis.
1524 1624 1671 1692 AV.
1690 1623 1833 1689 AR.

307 1724 371 1782 A
440 1768 459 1787 .
534 1765 551 1786 .
1240 1773 1247 1778 .

892 1864 923 1898 Ι

324 1963 333 1968 .
625 1908 719 1976 Vt
758 1910 860 1975 tit.
889 1910 978 1976 A.

311 2006 797 2072 LAETITIA.
840 2005 1032 2070 COS.
1073 2004 1217 2071 1111.
1260 2005 1447 2072 Duae
1465 2005 1727 2094 figurae
1744 2016 1836 2071 to·

300 2115 552 2191 gatae,
602 2123 870 2188 quarum
914 2122 1040 2166 una
1090 2104 1150 2169 d.
1197 2102 1358 2168 duas
1377 2104 1589 2189 spicas
1642 2113 1838 2180 tenet,

224 2257 229 2260 .
312 2202 523 2266 altera
540 2200 789 2285 sinistra
813 2196 1091 2283 globum.
1114 2201 1264 2266 AV.
1286 2200 1347 2278 ⁸)
1376 2200 1449 2262 In
1467 2201 1649 2262 alio:
1689 2201 1834 2263 Mu·

309 2298 633 2383 lien-stans
664 2295 730 2361 d.
761 2295 1012 2381 spicas,
1044 2293 1106 2379 s.
1132 2316 1425 2378 pomum,
1477 2296 1652 2381 cujus
1689 2315 1834 2380 gre·

309 2398 511 2459 mium
544 2391 782 2475 puellus
818 2390 1230 2475 amplectitur.
1292 2393 1435 2459 AV.
1486 2379 1544 2469 ¹²)

415 2486 773 2574 Ingeniosa
806 2486 896 2550 est
934 2485 1308 2573 explicatio
1356 2487 1440 2550 cl.
1498 2485 1837 2570 visconti,

316 2588 440 2673 qui
471 2586 543 2647 in
565 2603 771 2647 numo
808 2583 1031 2668 priore
1049 2581 1365 2648 Cererem
1398 2585 1609 2668 videt,
1660 2604 1838 2668 quae

312 2693 664 2767 repertam
707 2680 893 2763 apud
928 2676 1185 2742 inferos
1229 2679 1441 2744 filiam
1495 2680 1844 2767 Proserpi-

316 2798 480 2842 nam
510 2776 797 2839 reducit.
821 2773 879 2858 ε)
930 2773 1102 2837 Istud
1130 2776 1169 2837 fi
1193 2797 1425 2840 verum
1453 2824 1472 2854 ‚
1522 2778 1617 2855 id,
1656 2778 1838 2863 quod

313 2873 726 2957 Proserpina
777 2892 980 2934 manu
1041 2868 1288 2934 finistra
1342 2870 1631 2958 stringit,
1704 2893 1840 2936 non

317 2973 451 3035 erit
475 2969 741 3053 ‚globus
765 3016 786 3050 ,
835 2980 911 3030 ut
943 2965 1153 3030 visum
1198 2967 1678 3048 Mediobarbo‚
1731 2968 1839 3032 sed

314 3066 585 3130 malum
618 3064 934 3127 Punicum
957 3110 977 3140 ‚
1030 3067 1215 3143 cujus
1252 3064 1394 3127 esus
1455 3065 1625 3129 deae
1663 3064 1839 3130 fata·

316 3164 407 3227 lis
442 3160 621 3242 fuit,
689 3171 761 3222 ut
802 3157 1009 3222 refert
1063 3161 1389 3240 Ovidius,
1440 3150 1497 3239 d)
1551 3162 1840 3247 effetque

318 3261 508 3324 adeo
554 3257 786 3340 imago
841 3254 1013 3318 haec
1067 3254 1413 3319 celebrata
1475 3257 1837 3322 Praxitelis

317 3372 695 3430 xoeroeyuooe,
765 3353 1080 3415 nimirum
1128 3349 1333 3415 Ceres
1364 3353 1836 3439 Proserpinam

312 3451 413 3532 ab
451 3448 684 3514 inferis
716 3449 1086 3524 reducem,
1138 3444 1198 3530 e)
1248 3446 1477 3512 illustri
1507 3450 1660 3513 sane
1698 3452 1836 3514 lae·

309 3550 519 3613 titiae
546 3557 981 3632 argumente,
1035 3546 1308 3626 quando
1344 3546 1546 3608 matri
1576 3545 1838 3609 contin-4

312 3665 484 3731 gere
529 3642 778 3705 laetius
840 3639 1011 3702 nihil
1074 3638 1326 3725 potest,
1400 3661 1605 3724 quam
1650 3663 1838 3725 repe·

308 3743 456 3806 rire
502 3738 714 3816 filiam
757 3748 1066 3820 raptam,
1124 3748 1191 3798 et
1225 3738 1590 3801 retrahere.
1659 3738 1838 3800 Alte·

316 3857 403 3901 ra
461 3835 789 3899 sententia
836 3830 1286 3911 fuit.oire1ii,
1376 3830 1840 3913 existimantiS,

313 3932 673 4014 utriusque
705 3919 1002 3991 mulieris
1039 3928 1332 4013 imagine
1386 3932 1675 4014 proponi
1724 3930 1842 3993 du·

313 4049 401 4095 as
421 4024 778 4090 Faustinas
818 4023 1184 4108 Augustas,
1238 4039 1306 4089 et
1341 4026 1667 4089 leniorem
1701 4028 1844 4112 qui-

316 4126 483 4190 dem
535 4119 738 4185 instar
789 4118 1055 4183 Cereris
1119 4141 1268 4184 cum
1338 4122 1576 4206 spiciS,
1623 4125 1841 4204 junio·

308 4241 465 4285 rem
488 4216 692 4282 instar
707 4217 989 4286 Veneris
1014 4235 1166 4280 cum
1192 4236 1400 4303 pomo
1418 4217 1554 4283 suo.
1587 4206 1641 4304 f)
1665 4220 1728 4283 N
1735 4241 1847 4284 eu.

387 4496 449 4552 ε)
492 4492 713 4546 Triflan
743 4462 1055 4553 Continent.
1090 4498 1209 4560 hist,
1245 4500 1316 4557 T.
1354 4500 1400 4552 1.
1436 4498 1518 4569 pl.
1554 4500 1691 4560 XII.
1730 4498 1909 4561 Catal.
1945 4499 2245 4575 d’Ennery
2279 4522 2342 4576 p.
2380 4515 2500 4566 208.
2542 4504 2795 4561 Mediob·
2901 4545 2904 4550 ·

1643 4567 1704 4638 d)
1744 4569 1977 4625 Metam.
2014 4573 2080 4632 L,
2117 4575 2194 4633 V,
2232 4593 2286 4631 v.
2321 4588 2446 4646 533,
2485 4573 2594 4646 seqs

1728 4640 1786 4708 g)
1825 4639 1955 4705 Hifl,
1992 4653 2109 4704 nat.
2145 4643 2214 4705 L.
2250 4643 2324 4698 V.
2362 4641 2416 4715 ς.
2458 4654 2543 4704 ro.

305 4566 365 4624 e)
406 4561 563 4617 Mus.
595 4562 717 4618 Pio.
756 4564 931 4618 elem.
971 4568 1141 4629 Tom,
1176 4570 1227 4629 1,
1264 4587 1322 4641 p,
1359 4583 1445 4638 95.

312 4650 379 4705 1>-
420 4647 551 4702 953·
720 4631 763 4699 t)
799 4633 967 4691 'rh-r.
990 4634 1099 4700 sel.
1132 4655 1286 4694 num.
1321 4656 1381 4713 p.
1416 4653 1537 4707 337.

3330 579 3411 631 21

1892 769 2019 828 .ter
2068 759 2177 824 vir
2228 758 2530 822 eruditus
2587 749 2678 820 ad
2733 771 3011 821 numum
3087 747 3421 836 alterum,

1915 873 2117 938 quem
2155 873 2241 917 ex
2280 852 2740 918 Mediobarbo
2778 853 2978 932 dedi,
3028 849 3295 917 reflexit
3353 873 3424 916 a·

1917 952 2195 1015 nimum.
2284 950 2360 1013 In
2396 950 2531 1014 hoc
2580 950 2761 1012 enim
2796 968 2932 1013 non
2971 949 3284 1014 mulieres
3323 948 3422 1012 bi-

1917 1065 2088 1124 nae,
2142 1048 2248 1110 sed
2286 1048 2524 1125 unica,
2603 1045 2908 1109 laetitiae
2968 1058 3197 1130 partes
3252 1040 3428 1106 susti-

1913 1156 2065 1221 net,
2119 1156 2187 1207 et
2226 1143 2500 1226 quidem
2551 1143 2691 1206 sola
2741 1154 3099 1226 utrumque
3163 1137 3429 1225 praese·-

1915 1257 2068 1303 rens
2101 1239 2546 1322 attributum,
2610 1238 2796 1321 quod
2832 1240 2900 1301 in
2954 1257 3161 1303 numo
3199 1236 3429 1321 priore

1915 1334 2093 1402 inter
2142 1347 2498 1419 utramque
2556 1335 2908 1398 mulierem
2963 1334 3251 1399 divisum
3295 1328 3425 1407 est,
3477 1351 3484 1358 ·

1916 1427 2138 1516 spicas
2167 1430 2472 1518 intelligo
2499 1478 2519 1510 ,
2572 1443 2640 1494 et
2677 1450 2979 1516 pomum,
3031 1444 3218 1495 certo
3248 1428 3431 1492 adeo

1916 1527 2201 1607 indicio,
2236 1529 2418 1591 idern
2438 1530 2506 1591 in
2535 1540 2821 1611 utroque
2842 1546 3047 1591 numo
3073 1543 3431 1613 argumen-

1919 1635 2065 1704 tum
2106 1624 2476 1701 contineri,
2525 1643 2745 1707 neque
2768 1612 2965 1687 'aliud
2996 1624 3243 1687 docere
3286 1633 3462 1694 mu·-

1914 1718 2121 1785 ·lieres
2149 1719 2370 1803 binas,
2422 1720 2610 1784 aliud
2637 1718 3031 1782 solitariam.
3085 1717 3429 1788 'Gravissi-

1921 1836 2031 1882 me
2088 1829 2318 1880 autem
2371 1816 2688 1903 peccavit
2762 1814 3084 1895 Oiselius,
3157 1817 3319 1880 dum
3361 1822 3433 1886 in

1923 1913 2250 1994 Antonini
2313 1912 2660 1978 consulatu
2703 1912 2859 1989 1v;‚
2931 1933 3132 1995 quem
3186 1933 3434 2002 numus

1918 2005 2304 2086 memorat,
2354 2010 2487 2074 huc
2529 2008 2760 2094 adegit
2789 2005 3173 2072 Faustinam
3222 2011 3433 2078 senio·

1918 2126 2099 2184 rem,
2154 2125 2330 2191 quae
2360 2107 2587 2191 plures
2618 2108 2760 2185 jam
2803 2116 2962 2168 ante
2989 2123 3206 2170 annos
3244 2110 3432 2175 vive·

1920 2222 1994 2265 re
2044 2201 2272 2279 defiit,
2351 2214 2419 2264 et
2471 2199 2746 2283 quidem
2815 2201 2905 2263 ad
2963 2205 3474 2286 argumentum‘

1921 2297 2270 2372 Laetitiae,
2337 2298 2521 2376 cujus
2580 2295 2916 2358 memoria
2963 2294 3265 2373 tristitiae
3312 2320 3432 2386 po.

1922 2397 2055 2457 tius
2106 2391 2308 2454 causa
2355 2391 2482 2454 ess'e
2535 2388 2868 2454 debuerat
2924 2393 3168 2455 uxorio
3218 2397 3430 2461 Anto-

1922 2491 2108 2554 nin0.
2198 2485 2477 2551 Omissis
2521 2505 2681 2570 ergo
2721 2485 3028 2571 speciolis
3072 2486 3177 2551 his
3221 2492 3436 2575 expli.

1925 2583 2190 2650 catibus
2242 2582 2745 2667 acquiescamus
2810 2584 2878 2644 in
2937 2581 3217 2669 limplici
3270 2587 3432 2669 ino,

1926 2682 2042 2767 qui
2097 2692 2536 2767 procuratam
2588 2698 2674 2742 ex
2737 2679 2956 2743 omnis
3000 2684 3260 2765 generis
3293 2680 3432 2748 fru-

1926 2792 2153 2842 ctuum
2173 2776 2596 2841 abundantia
2618 2774 2951 2841 laetitiam
2977 2776 3082 2840 his
3103 2781 3288 2866 typis
3325 2781 3433 2845 in.

1926 2876 2139 2938 dicari
2184 2874 2446 2938 mavult
2469 2919 2489 2950 ,
2541 2891 2675 2957 quo
2712 2873 2918 2935 modo
2950 2873 3202 2940 Plinius
3226 2895 3432 2963 agens
3526 2873 3566 2886 ⁰

1926 2973 2012 3033 de
2050 2963 2190 3032 Nili
2229 2970 2656 3033 incrementis
2690 2968 2865 3031 dixit
2894 2986 3190 3053 quoque,
3230 2975 3347 3039 XI
3350 2971 3437 3042 V,

1923 3067 2132 3132 cubita
2159 3065 2540 3132 hilaritatem
2584 3065 2838 3151 adferre
2861 3111 2881 3142 ,
2931 3065 3005 3130 X
3009 3067 3080 3131 V
3074 3113 3094 3134 .
3126 3069 3435 3156 sicurita-

1925 3161 2078 3239 te'm‚
2127 3162 2331 3228 XVI.
2387 3160 2654 3226 delicias.
2723 3158 2797 3242 β8)
2882 3162 3074 3225 Alios
3128 3163 3434 3231 laetitiae
3525 3201 3532 3205 ·

1923 3271 2131 3342 typos
2166 3257 2484 3322 dabimus
2524 3255 2705 3322 infra
2740 3258 2810 3321 in
2853 3271 3144 3325 moneta
3180 3259 3432 3328 Fausti-

1921 3358 2228 3434 naejun„
2999 3363 3003 3367 “

2022 3451 2214 3516 Haec
2260 3451 2594 3532 Laetitia,
2661 3472 2836 3535 quae
2905 3471 3080 3518 nunc
3121 3446 3434 3540 'primum

1924 3548 1990 3612 in
2023 3548 2245 3611 numia
2291 3550 2625 3624 occurrit,
2676 3544 3064 3630 frequenter
3115 3550 3439 3636 deinceps

1928 3657 2243 3706 monetae
2293 3642 2707 3718 inscribitur,
2771 3656 2836 3705 et
2887 3644 3098 3706 variis
3156 3647 3432 3728 quidem

1931 3740 2182 3801 additis
2223 3737 2655 3816 nominibus,
2707 3758 2776 3802 ν.
2834 3758 2890 3803 c.
2946 3738 3218 3807 Laetitia
3259 3741 3433 3830 Aug.

1928 3868 2026 3881 -
2084 3836 2449 3921 Temperiem
2471 3881 2491 3912 ,
2543 3869 2640 3886 —
2691 3834 2949 3901 Publica
2993 3869 3091 3883 --
3143 3840 3444 3907 Fundata

1933 3944 2058 3993 etc.
2113 3952 2328 4017 neque
2376 3929 2673 3996 dubitari
2724 3931 2978 4016 potest,
3056 3934 3321 4018 publice
3375 3938 3440 4004 ei

1932 4025 2289 4091 constituta
2322 4026 2511 4100 fuisse
2551 4029 2776 4111 sacra,
2829 4031 3063 4112 qualia
3107 4025 3295 4095 facta
3331 4029 3443 4097 fu-

1930 4124 2044 4187 iss‘e
2099 4125 2510 4259 Iucpnditati
2540 4124 2824 4210 legimus
2876 4126 2945 4189 in
2984 4139 3213 4191 vetere
3261 4147 3435 4195 mar-

1927 4240 2155 4286 more:
2241 4219 2276 4306 )

3087 4505 3141 4572 b)
3182 4505 3435 4567 Mediob.

2786 4576 2838 4640 e)
2878 4574 3023 4632 pun.
3059 4575 3124 4629 L.
3165 4574 3437 4629 XXXIV.

2734 4643 2797 4715 h)
2835 4643 2982 4707 Mus,
3003 4639 3207 4699 Veron'.
3238 4662 3296 4718 p,
3319 4658 3442 4715 177.
