4242 5459
2425 477 2904 618 MAEs'A.

876 548 1015 612 266
1525 533 1566 564 '¹'
1935 539 2331 620 IVLIA

2141 839 2353 907 PRE
2376 841 2495 908 TI
2513 840 2696 911 VM.

864 1034 1200 1103 Commatt‘s
1245 1032 1513 1102 Romam·
1529 1053 1554 1095 .·

886 1201 896 1210 ‚
1048 1134 1278 1212 Aurei„
1562 1161 1588 1175 -
1671 1173 1678 1178 -
1782 1137 1817 1178 ·:
2011 1141 2040 1180 '-
2240 1168 2269 1179 -
2910 1146 2944 1156 ⁶
3130 1145 3166 1186 Ξ
3577 1131 3853 1198 RRRR.

935 1225 940 1232 ”
1051 1226 1371 1312 Argentei
1907 1284 1928 1290 -
2911 1270 2942 1286 -
3580 1230 3699 1291 vix
3726 1230 3822 1299 R.

1045 1324 1260 1386 Aenei
1301 1324 1353 1386 1.
1412 1335 1479 1385 et
1536 1320 1622 1386 11.
1678 1318 1942 1384 formae
2237 1361 2273 1378 -
3359 1361 3395 1380 -
3584 1324 3668 1386 R.

853 1418 1188 1486 caumatis
1211 1422 1581 1507 peregrini.-
1632 1432 1705 1483 ut
1749 1418 2069 1483 continuo
2111 1418 2391 1487 dictum.
2420 1491 2435 1502 ,

1957 1705 2312 1773 IVLIA

939 1911 1257 1977 Domnae
1293 1903 1525 1979 l'oror,
1577 1898 2005 1964 Soaemiadis
2043 1919 2131 1963 ex
2190 1899 2360 1965 lulio

842 2012 1049 2077 Avito
1076 2018 1316 2081 mater,
1368 1996 1729 2083 Elagabali
1760 1999 1942 2061 avia.
1994 1994 2356 2080 Postquam

838 2107 1129 2170 Severus
1162 2100 1520 2184 imperium
1549 2091 1923 2169 invaserat,
1978 2112 2062 2154 ex
2094 2094 2357 2174 patriae

837 2200 1118 2266 Emesae
1153 2195 1435 2260 latebris
1480 2191 1721 2253 sororis
1759 2188 2089 2251 beneficio
2135 2189 2205 2249 in
2237 2208 2354 2250 au·

834 2295 977 2362 lam
1010 2295 1325 2359 traducta
1348 2337 1368 2368 ,
1397 2286 1608 2368 futuri
1644 2304 1779 2347 non
1833 2283 2228 2369 improvida
2254 2284 2350 2345 rei

833 2390 1278 2480 ¹pecuniariae
1311 2402 1591 2470 operam
1626 2381 1812 2444 dedit
1840 2427 1859 2454 ,
1913 2380 2098 2463 quod
2138 2381 2200 2440 ei
2240 2380 2354 2441 de·

832 2488 1067 2574 inceps
1094 2473 1338 2570 magno
1375 2482 1464 2544 ad
1498 2475 1909 2564 perficienda
1932 2524 1955 2558 ‚
2008 2495 2184 2557 quae
2217 2495 2356 2536 me·

832 2585 1215 2656 ditabatur,
1270 2580 1657 2657 adjumento
1702 2569 1855 2633 fuit.
1923 2572 2097 2633 Nam
2160 2569 2352 2631 caeso

830 2678 1200 2744 Caracalla
1231 2673 1391 2736 aula
1426 2670 1751 2734 excedere
1779 2665 1944 2746 julla
1968 2710 1988 2739 ,
2044 2663 2349 2724 Emesae-

826 2796 961 2858 que
997 2775 1149 2836 suae
1185 2767 1526 2841 restituta,
1597 2779 1751 2822 cum
1803 2758 2078 2821 adsueta
2134 2756 2344 2840 splen-

824 2870 977 2933 dori
1022 2867 1247 2928 aulico
1286 2862 1591 2943 privatas
1625 2853 1941 2916 tenebras
1988 2848 2343 2932 fastidiret,

822 2964 1222 3041 videretque
1261 2955 1477 3015 minus
1501 2948 1783 3036 probari
1823 2946 2151 3009 militibus
2192 2948 2342 3010 Ma-

757 3125 763 3133 ,
823 3058 1106 3127 erinum,
1146 3050 1363 3113 didita
1394 3048 1567 3108 inter
1593 3046 1716 3106 hos
1746 3040 1961 3120 fama,
2014 3056 2341 3126 tanquam

817 3170 1033 3235 nepos
1076 3142 1489 3233 Elagabalus
1548 3138 1977 3204 Soaemiadis
2041 3139 2198 3201 suae
2253 3159 2341 3202 ex

819 3243 1185 3313 Caracalla
1219 3240 1396 3304 filius
1453 3236 1647 3312 erret,
1734 3253 1852 3299 eos
1913 3255 2050 3299 non
2115 3236 2336 3298 minus

814 3329 1257 3409 Antoniniani
1297 3334 1590 3400 nominis
1624 3329 2097 3417 superstitione,
2128 3351 2333 3415 quam

808 3437 1097 3530 profusis
1141 3429 1618 3520 largitionibus
1650 3428 1956 3513 impulit,
2038 3439 2108 3489 ut
2177 3427 2331 3490 Ela-

808 3536 1133 3625 gabalum
1158 3530 1467 3596 Macrino
1504 3521 1903 3602 sufficerent,
1946 3521 2329 3605 effecitque,

808 3645 885 3697 ut
915 3633 1223 3695 oblatum
1257 3626 1613 3710 imperium
1672 3619 1889 3683 relata
1943 3618 2175 3702 insigni
2228 3619 2328 3681 vi·

810 3728 1034 3792 ctoria
1084 3723 1486 3801 solidarent,
1539 3735 1745 3800 quam
1798 3715 1943 3801 ipsa
2007 3733 2143 3776 non
2208 3734 2326 3797 pa-

805 3843 957 3891 rum
996 3818 1375 3905 promovit,
1431 3814 1704 3897 quando
1734 3810 2146 3905 fugientibus
2181 3813 2321 3892 jam

800 3917 935 3985 'suis
978 3919 1042 3979 in
1084 3915 1379 3976 mediam
1442 3912 1661 3971 aciem
1708 3927 1859 3969 cum
1911 3906 2324 3969 Soaemiade

806 4013 1180 4105 provolans
1217 4005 1603 4088 exemplum
1640 4006 1707 4065 in
1761 4002 1823 4065 se
1875 4002 2142 4065 virtutis
2169 4038 2214 4074 ,ι
2256 4012 2323 4062 et

809 4110 1016 4178 animi
1060 4103 1379 4187 intrepidi
1423 4100 1634 4164 dedit.
1675 4097 1742 4174 ⁸)
1847 4098 1955 4161 Ob
1992 4098 2320 4159 collatam

806 4205 1122 4275 illustrem
1186 4203 1363 4262 hanc
1431 4216 1714 4282 operam
1789 4205 1990 4256 aucta
2046 4192 2321 4274 quidem

809 4301 1084 4369 subinde
1126 4293 1500 4362 honoribus
1549 4290 1903 4367 omnibus,
1960 4299 2028 4351 et
2096 4291 2322 4373 Augu-

2431 1707 2846 1776 MAESA.

2442 1899 2573 1965 stae
2619 1903 2817 1967 titulo
2863 1913 3151 1984 ornata,
3216 1895 3475 1967 verum*
3512 1920 3662 1966 eum
3711 1903 3953 1968 mulier

2441 1997 2797 2084 perspicax
2833 1997 3160 2063 funestum
3198 2001 3463 2085 nepotis
3502 2002 3757 2062 exitum
3790 2019 3955 2084 prod

2436 2105 2587 2177 pter
2630 2094 3063 2177 intractabile
3129 2099 3266 2175 ejus
3328 2095 3714 2181 ingenium,
3787 2096 3953 2160 alte·

2432 2208 2716 2272 tamque
2749 2210 2968 2254 rerum
3008 2189 3270 2253 suarum
3310 2189 3821 2255 converfionem
3861 2195 3949 2272 ju-

2430 2304 2503 2347 re
2556 2298 2921 2362 metueret,
2974 2286 3104 2348 hac
3174 2286 3316 2370 ipsa
3375 2289 3514 2366 ejus
3567 2285 3836 2349 insania
3886 2287 3952 2348 in

2430 2400 2573 2443 rem
2612 2381 2799 2445 suam
2861 2382 3016 2458 usa,
3089 2381 3444 2466 persuadet
3515 2380 3947 2466 Elagabalo,

2428 2489 2543 2553 ut,
2598 2480 2915 2559 quoniam
2951 2476 3086 2562 ipse
3110 2477 3219 2539 dei
3254 2477 3348 2540 sui
3381 2477 3563 2540 cultu
3587 2524 3606 2553 ,
3658 2478 3946 2541 div-inis·

2427 2590 2557 2651 que
2596 2573 3027 2636 caerimoniis
3071 2561 3525 2650 distineretur,
3579 2572 3950 2656 adoptaret

2423 2663 2896 2729 consobrinum
2943 2669 3449 2745 Alexandrum,
3524 2668 3638 2750 qui
3690 2687 3830 2750 pro
3887 2668 3945 2731 se

2419 2770 2686 2821 terrena
2730 2776 3015 2826 curaret.
3059 2753 3122 2842 ι’)
3173 2763 3408 2848 Neque
3444 2774 3591 2826 erat
3650 2761 3739 2826 'ad
3804 2785 3946 2827 mu-

2415 2853 2598 2917 lieris
2678 2854 2953 2920 salutem
3029 2858 3372 2921 confilium
3463 2861 3949 2942 opportuniuS,

2417 2952 2836 3034 certiusque;
2893 2974 3047 3017 nam
3089 2973 3240 3016 cum
3288 2955 3853 3018 ess'etcommunis
3879 2965 3946 3016 et

2411 3044 2808 3131 Elagabali,
2883 3063 2951 3111 et
3003 3050 3378 3112 Alexandri
3434 3052 3635 3127 avia,
3688 3069 3950 3133 quam-

2411 3160 2674 3224 cunque
2727 3143 2970 3206 deinde
3012 3142 3358 3208 fortunam
3424 3146 3547 3207 illa
3597 3149 3948 3228 experire-

2408 3249 2554 3313 tur,
2608 3251 2923 3323 paratum
2979 3240 3215 3304 habuit
3276 3242 3545 3324 imperii
3608 3240 3949 3303 success‘o-
4014 3295 4021 3302 .

2407 3352 2551 3396 rem
2572 3361 2595 3415 ·,
2649 3334 2936 3397 alterum
2986 3356 3070 3397 ex
3127 3336 3269 3399 filia
3335 3338 3664 3398 Mamaea
3728 3356 3947 3421 nepo·

2403 3442 2569 3496 tem.
2624 3431 2893 3492 Revera
2931 3432 3039 3494 hic
3085 3432 3315 3493 everso
3358 3444 3639 3516 propter
3697 3432 3943 3494 crimi-

2406 3545 2567 3587 num
2615 3528 3048 3589 atrocitatem
3097 3526 3472 3609 Elagabalo
3519 3545 3738 3588 rerum
3802 3528 3944 3609 ᾖρο-

2403 3622 2564 3683 titus
2603 3621 2789 3682 omni
2834 3621 3263 3685 observantia
3296 3624 3528 3684 aviam
3578 3619 3664 3682 est
3708 3621 3947 3706 prose..

2405 3727 2636 3794 cutus,
2693 3714 2834 3801 ipsa
2886 3728 3051 3779 vero
3112 3720 3442 3801 participe
3500 3716 3939 3780 consiliorum

2402 3812 2730 3874 Mamaea
2774 3830 2908 3875 non
2969 3813 3243 3875 ceffavit
3306 3814 3673 3897 praeclaris
3713 3813 3944 3877 moni·

2401 3909 2487 3969 tis
2540 3910 2841 3970 imbuere
2903 3909 3426 3971 adolescentiam
3481 3911 3795 3992 nepoti8‚
3873 3920 3944 3971 et

2384 4015 2664 4066 -veteres
2693 4024 2916 4068 mores
2953 4025 3072 4090 per
3093 4005 3368 4067 alterius
3402 4003 3759 4066 infamiam
3786 4024 3946 4074 cot·

2399 4111 2635 4181 ruptos
2687 4119 3034 4163 revocare.
3122 4100 3429 4183 Denique
3469 4111 3784 4177 mortua,
3864 4112 3944 4161 ut

2403 4205 2765 4276 optaverat
2794 4246 2812 4279 ,
2863 4197 3260 4279 tranquille,
3313 4208 3379 4257 et
3399 4193 3488 4256 ab
3528 4193 3942 4260 Alexandro

2399 4289 2756 4355 coelitibus
2792 4293 3039 4358 inserta
3075 4290 3198 4370 est,
3264 4303 3335 4357 ut
3382 4291 3670 4358 dicetur.

808 4527 3954 4564 “ww

888 4613 960 4677 a)
996 4603 1110 4663 Dio
1147 4602 1211 4658 L.
1245 4599 1577 4657 Lxxvm.
1614 4599 1646 4670 ς
1679 4606 1770 4669 38·
1859 4685 1870 4696 „

1956 4595 2016 4666 b)
2060 4594 2363 4659 Herodian,

2398 4598 2457 4651 in
2493 4597 2654 4672 Elag.
