4242 5459
970 541 1085 643 Μ.
1182 497 1872 642 AVRnles
1973 533 2798 640 ANTonvs.
3352 591 3446 657 50,-

318 765 633 830 animum
654 763 898 829 fortius
928 765 1279 848 impulere,
1335 766 1464 831 five
1483 769 1665 851 quod
1692 765 1846 829 cau·

296 862 388 948 *sa
428 862 604 944 reip.
647 860 899 924 necess'e
937 863 1189 937 visum,
1243 864 1619 947 plusculum
1663 883 1844 925 com-

1925 767 2041 850 qui
2095 785 2233 828 non
2304 763 2602 828 contenti
2668 761 2983 826 remediis
3042 764 3438 846 ordinariis,

1924 882 2099 945 quae
2145 873 2383 924 auctor
2436 861 2695 946 generis
2745 860 3024 923 humani
3077 863 3164 922 ad
3220 865 3434 928 vitam

322 958 515 1020 muni
553 976 782 1020 eorum
821 969 1203 1041 temporum
1257 960 1459 1022 sensui
1511 959 1889 1034 tribuere,
1922 971 2101 1021 recte
2135 957 2465 1038 beateque
2499 956 2834 1040 agendam
2871 956 3311 1042 praescripfit,
3363 982 3431 1024 a

317 1052 463 1115 Iive
519 1052 809 1136 denique
874 1056 1058 1136 quod
1123 1054 1361 1117 summi
1414 1056 1619 1118 etiam
1675 1056 1843 1130 viri,
1919 1053 2082 1116 lium
2126 1053 2361 1116 orbem
2401 1065 2596 1116 extra
2639 1071 2860 1115 rerum
2905 1065 3214 1134 naturam
3257 1056 3435 1139 poli·-

327 1169 417 1211 ex
464 1167 599 1231 quo
638 1143 1055 1212 se·homines
1092 1152 1338 1226 norint,
1389 1150 1689 1234 aliquam
1723 1150 1843 1214 ha·

316 1245 492 1306 bent
533 1242 882 1308 admistam
954 1247 1335 1309 dementiae
1390 1246 1840 1330 particulam,

317 1360 461 1403 non
490 1339 586 1402 illi
617 1360 738 1403 nos
772 1353 1140 1428 propterea
1182 1341 1576 1427 negabimus
1618 1342 1839 1428 philo-

318 1436 518 1520 sophi
556 1454 843 1513 nomen,
897 1436 1008 1500 nisi
1050 1438 1217 1501 illud
1268 1458 1514 1522 negare
1568 1458 1839 1522 quoque

316 1529 612 1595 velim‘us
649 1531 891 1596 Iustino
916 1536 1204 1617 martyri
1237 1534 1440 1618 longo
1475 1534 1571 1597 illi
1614 1534 1836 1598 saecu·

298 1628 546 1700 -lorum
590 1628 698 1690 usu
745 1627 1113 1706 tributum,
1167 1633 1324 1711 quia
1367 1629 1475 1693 suo
1524 1631 1588 1691 in
1648 1629 1837 1694 Chri-

318 1723 535 1787 ssiana
592 1724 781 1786 sacra
834 1722 1109 1787 adfectu
1185 1726 1448 1809 longius
1508 1725 1837 1813 ⁸abreptus

313 1819 732 1884 carminibus
814 1821 1209 1901 Sibyllinis,
1280 1821 1577 1883 Simonis
1652 1824 1836 1908 magi

311 1917 692 1992 miracu10,
766 1916 970 1978 Lxx.
1028 1918 1467 2001 interpretum
1532 1921 1834 1999 jactatae

312 2014 772 2090 concordiae,
843 2032 1047 2098 regno
1116 2014 1535 2092 millenario,
1628 2015 1837 2076 malo-

306 2129 601 2192 rumque
636 2109 1043 2170 daemonum
1085 2111 1424 2193 perpetuis
1460 2111 1838 2173 occursibus

306 2205 726 2291 praeliisque
764 2203 967 2266 fidem
1008 2204 1269 2280 habuit,
1309 2219 1379 2266 ut
1410 2218 1835 2289 praeteream

308 2314 422 2363 tot
456 2301 641 2362 viros
678 2300 896 2374 alios,
949 2321 1123 2382 quos
1182 2303 1479 2362 maxime
1546 2302 1835 2384 philoso-

308 2397 495 2484 phos
560 2406 678 2458 aut
738 2409 975 2474 vetus,
1038 2409 1158 2459 aut
1202 2398 1534 2459 re'centius
1590 2417 1838 2459 aevum

310 2491 641 2558 celebrat.

415 2591 523 2651 An
562 2606 725 2651 vero
757 2587 889 2650 hac
926 2585 1144 2650 nostra
1188 2602 1465 2667 aetate,
1519 2610 1659 2674 qua
1693 2553 1837 2675 phi·

304 2683 665 2769 losophiae
704 2703 949 2746 nomen
986 2685 1284 2747 omnium
1325 2706 1442 2749 ore
1474 2706 1557 2749 ac
1593 2687 1835 2750 sermo·

310 2780 513 2843 nibus
554 2778 1062 2855 circumfertur,
1116 2767 1463 2843 meliorem
1539 2783 1663 2846 ess'e
1719 2805 1834 2867 pu·

308 2891 540 2941 tamus
579 2877 853 2939 divinae
890 2879 1030 2956 ejus
1078 2867 1429 2953 scientiae,
1484 2899 1658 2962 quae
1695 2880 1836 2942 sola

303 2972 403 3037 est
430 2972 704 3048 mentis,
757 2973 1179 3053 rationisque
1224 2972 1564 3036 humanae
1621 2968 1836 3059 magi-

305 3068 479 3145 stra,
580 3069 1037 3131 conditionem
1073 3069 1103 3128 ἲ
1233 3069 1382 3131 Non
1480 3070 1834 3135 verisimile

302 3165 476 3230 istud
510 3165 760 3239 modu,
818 3164 924 3226 sed
984 3163 1183 3248 plane
1249 3165 1682 3228 necessarium
1739 3170 1835 3229 vi-

294 3265 613 3335 ldeatur,
664 3258 955 3324 nostrum
1002 3277 1251 3322 aevum
1294 3281 1456 3344 prae
1496 3276 1722 3326 vetere
1755 3263 1838 3326 il·

324 3381 371 3423 o
422 3368 605 3421 recte
638 3357 959 3440 sentiendi
984 3358 1468 3441 judicandique
1502 3357 1831 3422 facultate

299 3451 679 3530 excellere,
728 3454 839 3515 cui
879 3471 1014 3515 non
1055 3447 1396 3516 vetustatis
1429 3455 1668 3530 modo,
1719 3455 1829 3518 sed

293 3550 714 3636 sequentium
773 3547 981 3611 etiam
1034 3561 1417 3633 temporum
1474 3549 1830 3634 suppetunt

301 3645 626 3731 exempla
650 3692 670 3723 ,
722 3646 828 3708 cui
854 3645 1101 3706 artium
1134 3647 1435 3707 omnium
1461 3643 1826 3728 'perfecti0,

296 3741 620 3809 historiae
664 3738 995 3806 naturalis
1050 3739 1260 3803 multo
1309 3739 1662 3806 liberalior
1716 3762 1824 3803 co-

296 3841 554 3927 gnitio,
605 3839 832 3922 aperti
892 3855 1043 3899 cum
1097 3836 1559 3900 remotissimis
1613 3838 1826 3923 genti·

294 3939 430 4002 bus
468 3944 940 4009 commeatus,
992 3945 1059 3994 et
1090 3933 1157 3995 id
1201 3953 1407 4017 genus
1445 3933 1628 4009 alia,
1684 3953 1824 3995 am-

290 4021 605 4121 plissima
639 4032 729 4093 ad
770 4030 1014 4113 ingenii
1051 4030 1417 4112 judiciique
1465 4030 1823 4106 culturam,

242 4116 806 4209 ‘eruendumqu'e
868 4146 1098 4188 verum
1156 4125 1442 4188 attulere
1513 4125 1817 4190 subsidia.

284 4231 519 4308 Atque
565 4221 697 4285 hae
745 4233 981 4284 tantae
1013 4223 1556 4305 opportunitates
1605 4243 1691 4285 an
1727 4223 1820 4285 sa·

1918 1162 2060 1212 tum
2098 1152 2430 1211 rimantur
2475 1161 2542 1211 et
2580 1148 2978 1230 explorant,
3049 1170 3288 1213 manes
3342 1150 3431 1214 ab

1915 1244 2149 1309 inferis
2186 1259 2521 1321 evocant,
2573 1246 2872 1307 animum
2935 1245 3231 1309 admotis
3275 1266 3432 1311 con»

1916 1354 2139 1407 tactus
2179 1342 2530 1404 lenociniis
2555 1388 2575 1414 ,
2629 1352 2694 1402 et
2737 1340 3079 1405 medicato
3120 1343 3351 1408 somno
3392 1363 3438 1408 a

1918 1457 2207 1524 corpore
2268 1436 2616 1513 avellunt,
2703 1456 2938 1499 omnes
3003 1439 3434 1525 praestigias,

1917 1533 2274 1615 mysteria,
2326 1552 2622 1596 arcanae
2659 1534 2927 1595 virtutis
2957 1537 3230 1611 modos,
3262 1558 3432 1622 quos

1913 1627 2349 1692 fraudulenta
2370 1673 2390 1704 ,
2444 1641 2562 1690 aut
2594 1629 2839 1691 cerrita
2862 1630 3128 1713 ingenia
3162 1635 3227 1694 in
3254 1653 3438 1695 com·

1916 1725 2284 1787 mentatios
2322 1725 2650 1801 retulere,
2703 1724 2979 1788 solerter
3011 1724 3432 1811 investigant,
3541 1797 3558 1810 ,

1915 1841 2001 1883 ex
2037 1841 2326 1905 quorum
2360 1823 2663 1884 omnium
2698 1819 2986 1884 consiliis
3027 1824 3435 1909 monitisque

1914 1930 2239 2001 caperent
2306 1917 2818 2002 praescientiam
2888 1915 3140 2000 futuri,
3217 1933 3436 1984 artem

1917 2013 2344 2097 reparandae
2389 2009 2838 2088 valetudinis,
2891 2026 3010 2076 aut
3048 2016 3146 2077 rei
3185 2015 3436 2082 famili*

1916 2112 2091 2186 ariS,
2148 2122 2212 2171 et
2250 2128 2690 2193 quaecunque
2727 2109 2904 2170 noll'e
2929 2109 3280 2174 inconsulti
3321 2113 3439 2175 lio-

1921 2206 2175 2265 minum
2225 2205 2434 2266 animi
2475 2205 2587 2265 sua
2624 2203 2926 2267 interess'e
2973 2218 3232 2289 putant.
3328 2213 3434 2270 An

1919 2297 2085 2361 istud
2137 2299 2369 2381 sapere
2425 2296 2555 2375 est,
2611 2318 2692 2360 ac
2746 2317 2876 2360 non
2950 2301 3173 2382 potius
3237 2303 3434 2385 supra

1918 2414 2126 2476 quam
2184 2393 2367 2455 credi
2424 2391 2674 2477 potest,
2727 2393 3055 2470 insanire,
3125 2415 3204 2458 ac
3242 2395 3435 2458 labo·

1915 2510 2070 2552 rare
2117 2486 2408 2563 morb0,
2492 2509 2691 2573 quem
2741 2501 2890 2553 tota
2957 2490 3436 2573 Anticyrarum

1890 2585 2169 2649 'horrea
2235 2603 2366 2647 non
2409 2583 2793 2648 sanabunt?
2883 2585 3063 2667 Quid
3116 2586 3383 2670 prodest
3414 2633 3432 2662 ,

1918 2682 2245 2745 nascentis
2315 2681 2787 2765 philosophiae
2860 2701 2996 2766 ope
3057 2696 3434 2768 ‘exemptos

1916 2779 2190 2846 tandem
2227 2800 2313 2841 ex
2357 2779 2700 2840 hominum
2733 2779 2977 2841 animis
2999 2779 3433 2864 gravissimos
3527 2778 3545 2796 ‘

1917 2896 2227 2953 errores,
2296 2873 2560 2937 sublata
2622 2875 2877 2953 judicia
2939 2876 3323 2963 perignem
3369 2890 3444 2942 et

1915 2991 2164 3055 aquam
2194 3020 2213 3049 ‚
2265 2983 2656 3056 contempta
2702 2970 3071 3057 sortilegia,
3124 2985 3191 3035 et
3232 2970 3433 3036 'astro-

1916 3089 2060 3131 rum
2095 3070 2161 3129 iti
2199 3081 2452 3131 mentes
2493 3068 2823 3129 humanas
2853 3069 3431 3154 graviaimperia,

1915 3163 2596 3249 exstinctossagarum
2645 3182 2892 3247 rogos,
2958 3164 3274 3250 demptos
3336 3166 3430 3228 in·

1916 3279 2079 3323 anes
2145 3272 2403 3336 metus,
2479 3277 2650 3343 quos
2718 3260 3018 3322 creditae
3100 3259 3432 3323 lemurum

1915 3356 2804 3444 larvarumque.e'mqvoevetoe1,
2858 3365 2924 3417 et
2956 3356 3265 3420 nocturni
3296 3352 3428 3418 stri·

1909 3455 2092 3538 gium
2149 3451 2469 3526 circuitus
2516 3446 3045 3535 ingenerabant,
3114 3462 3182 3510 et
3231 3469 3431 3532 quas·

1911 3567 2173 3631 cunque
2239 3544 2413 3607 alias
2481 3544 2799 3607 fallacias
2877 3544 3430 3626 praecedentium

1908 3642 2327 3704 saeculorum
2396 3639 2617 3723 caligo
2670 3637 2969 3716 invexit,
3022 3637 3066 3700 fi
3121 3638 3422 3702 eiusdem
3515 3715 3526 3734 .

1908 3751 2191 3800 naturae
2229 3733 2516 3797 monstra
2545 3734 2684 3797 alia
2710 3782 2728 3812 ,
2782 3754 2864 3797 ac
2895 3733 3233 3819 prioribus
3258 3733 3421 3797 mul-

1908 3846 1977 3895 to
2023 3831 2478 3918 pestilentiora
2522 3833 2590 3894 in
2629 3831 2982 3894 hominum
3028 3830 3421 3894 societatem

1904 3930 2352 3994 admittuntur
2371 3930 2400 3990 ἐ’

2002 4029 2094 4089 At
2129 4024 2438 4107 quorsum
2484 4044 2609 4109 ego
2644 4021 2763 4087 itta
2804 4024 3112 4108 disput0,
3166 4024 3424 4111 quippe

1904 4123 1993 4185 ab
2029 4120 2321 4184 instituto
2356 4139 2508 4182 meo
2543 4119 2814 4182 aliena?
2866 4117 3048 4204 quasi
3111 4140 3275 4183 vero
3330 4141 3417 4185 ea

1901 4221 2256 4304 contagiO,
2312 4236 2486 4300 quae
2513 4217 2687 4279 alias
2723 4215 3083 4300 plerasque
3128 4215 3416 4301 discipli·

272 4324 369 4386 tis
425 4319 663 4384 adhuc
732 4319 820 4381 ad
888 4320 1270 4402 parandam
1362 4313 1813 4403 tuendamque
1898 4337 2020 4379 nas
2086 4315 2421 4398 corrupit,
2506 4314 2606 4375 rei
2670 4308 2928 4374 nossrae
2983 4311 3412 4394 antiquariae

276 4419 540 4483 mentis
584 4412 934 4476 sanitatem
986 4411 1357 4496 profuere?
1408 4433 1541 4477 non
1588 4415 1814 4477 hercle
1895 4410 2308 4499 pepercisset.

278 4515 474 4600 apud
514 4529 683 4592 eOS,
738 4515 1021 4592 quor'um
1063 4508 1301 4573 infelix
1341 4529 1626 4576 examen
1659 4512 1811 4574 inde
1896 4508 2243 4571 hominum
2278 4526 2520 4594 genuS,
2575 4506 2692 4589 qui
2744 4515 3176 4567 monumenta
3228 4517 3416 4567 vete

277 4612 371 4677 ab
426 4608 713 4689 aliquot
747 4608 938 4671 annis
977 4606 1310 4693 pullulare
1343 4607 1813 4692 conspicimus,
1895 4624 2043 4669 rum
2081 4625 2242 4668 non
2267 4601 2441 4667 sensu
2481 4601 2862 4680 communi,
2912 4599 3253 4686 intelligo,
3303 4611 3411 4665 te-

2413 4409 2580 4492 Quis
2638 4409 2814 4471 enim
2851 4408 3122 4492 ignorat
3159 4428 3411 4472 novum
3487 4473 3492 4478 ,
3553 4457 3562 4464 ,
