4242 5459
851 569 989 652 ἑόε
1485 631 1490 638 .
1607 557 2469 641 ALEXANDER
2566 558 3183 651 SEVERVS.

827 768 970 834 dio.
995 762 1060 848 ¹)
1109 765 1202 830 At
1237 759 1280 828 fi
1318 782 1551 828 verum
1585 763 1697 843 effi
1749 765 1934 850 quod
1973 761 2179 827 refert
2200 764 2343 827 He-
2792 764 2876 831 V.
2924 765 2991 832 G.
3022 781 3188 851 974.
3242 769 3321 836 P.
3352 769 3441 837 X.
3483 793 3627 841 221.

825 865 1193 942 rodianus‚
1244 857 1434 925 fuiss'e
1465 881 1616 923 eum
1656 874 1886 924 natum
1948 881 2164 925 annos
2222 862 2343 924 de·
2434 859 2814 929 CAESAR.
2880 864 3191 932 PRINC.
3257 867 3375 933 IV
3378 868 3463 937 V.
3506 869 3685 938 coS.
3740 871 3945 943 DES.

825 981 1020 1038 cem,
1072 978 1209 1044 quo
1262 971 1572 1043 tempore
1637 957 2053 1041 Elagabalus
2108 956 2336 1019 adcla-
3038 961 3314 1027 PONT.

821 1069 1047 1120 matus
1087 1053 1176 1117 est
1196 1056 1605 1138 imperator,
1657 1067 1725 1117 et
1759 1053 2147 1129 duodecim,
2176 1072 2336 1116 cum
2476 1053 2678 1118 Grato
2708 1051 3057 1121 Sabmiano
3090 1105 3110 1135 ,
3184 1057 3446 1125 claudio
3486 1059 3737 1129 Seleuco
3775 1068 3891 1156 cofi

820 1154 1189 1236 adoptatus
1258 1148 1389 1229 est,
1461 1163 1692 1213 natum
1763 1151 2069 1235 oportuit
2124 1152 2203 1213 V.
2255 1147 2333 1214 C.

823 1249 954 1332 961
991 1293 1011 1323 ,
1091 1248 1164 1310 P.
1237 1246 1319 1310 X.
1379 1259 1561 1325 208,
1649 1245 1761 1309 sed
1835 1245 1966 1329 quil
2017 1243 2335 1329 peccavit
2519 1244 2904 1329 Adoptatus
2973 1245 3066 1310 ab
3108 1249 3487 1334 Elagabalo
3545 1251 3806 1342 Caesar,
3874 1270 3945 1322 et

811 1339 885 1408 in
915 1342 1107 1407 annis
1135 1340 1528 1427 Elagabali,
1581 1342 1805 1427 potuit
1842 1353 1908 1403 et
1947 1359 2234 1425 peccare
2263 1339 2333 1401 in
2420 1360 2547 1428 pro
2609 1339 2936 1408 Bassiano
2984 1343 3352 1412 Alexander
3403 1349 3664 1414 dicitur.
3718 1355 3931 1437 (Vide

812 1433 1020 1503 annis‘
1055 1437 1450 1503 Alexandri.
1534 1439 1849 1503 Natalem
1899 1436 2330 1522 Lampridius
2415 1436 2595 1501 infra
2635 1437 2703 1499 in
2744 1439 3115 1523 nominib.)
3155 1441 3397 1506 Consul
3446 1445 3513 1506 in
3554 1443 3941 1531 sequentem

811 1536 1041 1602 statuit
1086 1556 1240 1599 eum
1301 1535 1515 1620 ipsum
1572 1536 1796 1611 diem,
1850 1551 1986 1618 quo
2021 1544 2325 1596 mortuus
2415 1552 2665 1597 annum
2721 1553 2872 1597 cum
2920 1549 3114 1620 patre
3148 1539 3485 1626 adoptivo
3527 1541 3931 1627 designatur.

812 1632 902 1697 est
940 1633 1329 1696 Alexander
1358 1632 1458 1695 Μ.
1483 1621 1538 1708 1’)
1589 1630 1702 1693 sed
1733 1650 1885 1694 cum
1908 1629 1993 1692 de
2028 1627 2322 1713 hocipso
2412 1628 2833 1714 Adoptionis
2855 1632 3305 1716 Elagabalum
3333 1635 3514 1699 haud
3538 1639 3749 1702 multo
3780 1640 3935 1726 post

809 1731 969 1795 satis
1012 1730 1180 1792 certi
1217 1747 1352 1790 non
1395 1726 1635 1804 fimuS,
1700 1727 1908 1789 etiam
1961 1724 2136 1787 alter
2181 1742 2320 1785 am·
2411 1725 2751 1809 poenitet,
2823 1730 3148 1812 qu'oniam
3214 1734 3304 1795 ad
3354 1732 3547 1813 hujus
3584 1733 3645 1796 se
3698 1755 3928 1802 mores

805 1826 1047 1910 biguus
1099 1821 1208 1888 est.
1291 1824 1662 1885 Bucherius
1717 1819 2061 1884 Kalendas
2113 1819 2320 1883 Octo·
2408 1819 2843 1884 conformare
2892 1825 3344 1892 detrectabat.
3398 1826 3626 1910 Quare
3674 1831 3929 1899 inlidiis

806 1922 960 1988 bres
998 1942 1082 1985 ex
1127 1927 1357 1986 vetere
1402 1918 1819 1981 Kalendario
1842 1916 2033 1987 eruit.
2066 1914 2129 1992 ⁰)
2181 1914 2317 1977 Na·
2406 1911 2764 1980 Caesarem
2804 1920 3016 2003 petit,
3069 1922 3181 1986 sed
3217 1943 3415 2006 quem
3455 1926 3616 1988 avia
3666 1946 3748 1990 ac
3781 1949 3927 1994 ma.

779 2032 875 2083 ·to
920 2036 1166 2081 nomen
1203 2013 1334 2078 fuit
1371 2016 1730 2078 secundum
1752 2014 2040 2076 Dionem
2075 2012 2321 2101 Baffia-
2406 2023 2510 2075 ter
2544 2024 2617 2076 ut
2650 2014 2970 2079 adversus
3000 2038 3261 2081 morum
3298 2022 3780 2106 corruptelam,
3817 2027 3924 2091 ita

796 2119 901 2192 ni,
934 2105 999 2193 ⁸³)
1051 2111 1410 2184 secundum
1477 2110 1946 2173 Herodianum
1992 2107 2319 2189 Alexiam',
2406 2120 2471 2170 et
2516 2120 2755 2172 contra
2794 2113 2934 2174 vim
2981 2113 3253 2184 consilio
3298 2135 3382 2179 ac
3417 2117 3777 2201 prudentia
3804 2122 3918 2185 de-

799 2214 885 2275 de
927 2213 1109 2290 cujus
1167 2208 1425 2293 origine
1487 2208 1645 2270 vide
1708 2206 1901 2290 plura
1963 2201 2315 2267 insi-asub
2401 2201 2709 2272 fendunt.

792 2306 1164 2373 nominibus,
1212 2303 1591 2389 Elagabalo
1626 2300 2026 2366 consobrino
2064 2302 2153 2364 ad
2180 2303 2313 2363 im·
2689 2303 2787 2366 M.
2814 2305 3019 2367 AvR.
3051 2304 3638 2377 ALEXANDER.
3674 2309 3920 2380 CAES.

792 2395 1059 2491 perium
1124 2413 1444 2488 promoto
1494 2399 1724 2464 aulam
1778 2399 2034 2459 secutus
2082 2398 2307 2483 priva·
2689 2399 2891 2482 Caput
2920 2401 3166 2467 nudum.

792 2515 900 2566 tus
923 2504 990 2564 in
1027 2501 1157 2562 hac
1192 2499 1402 2583 ipsum
1436 2496 1791 2561 triennium
1832 2493 2089 2571 mansit,
2144 2494 2303 2555 dum
2396 2493 3053 2562 INDVLGENTIA.
3079 2497 3289 2562 AVG.
3347 2498 3583 2564 Mulier
3606 2505 3920 2587 gradiens

792 2598 1082 2662 consiliis
1118 2595 1416 2671 Maesae,
1471 2612 1646 2675 quae
1683 2590 1895 2653 multo
1919 2601 2076 2650 ante
2109 2608 2302 2672 prae·
2392 2590 2456 2652 d.
2492 2589 2757 2670 florem,
2793 2591 2852 2676 s.
2905 2595 3110 2678 vestem
3144 2596 3417 2681 sustinet.
3451 2597 3596 2660 AV.
3629 2601 3912 2684 (vain.)

788 2695 1126 2770 viderat,-
1165 2689 1476 2775 praesens
1535 2683 1887 2769 Elagabali
1942 2684 2301 2765 imperium
2389 2685 2537 2746 AR.
2592 2683 2798 2765 (Mus.
2832 2684 3046 2766 Caes.)
3103 2691 3175 2753 In
3210 2694 3395 2756 alio:
3449 2692 3665 2760 addito
3713 2696 3785 2764 S.
3827 2697 3910 2763 C.

784 2801 1070 2876 propter
1096 2786 1496 2868 quotidiana
1533 2779 1827 2842 insaniae
1863 2774 2153 2838 monstra
2183 2775 2300 2837 du·
2390 2777 2613 2865 Caesar
2639 2779 2979 2862 paludatus
2994 2788 3179 2871 stans
3216 2788 3279 2852 d.
3325 2787 3599 2854 baciffum
3622 2837 3644 2869 ‚
3674 2791 3737 2877 fi
3795 2791 3912 2861 ha.

782 2904 937 2947 rare
974 2900 1108 2944 non
1147 2879 1370 2963 poss'e,
1423 2876 1511 2938 ab
1555 2874 1686 2935 hoc
1709 2872 2155 2955 adoptaretur
2179 2891 2298 2934 an·
2365 2875 2571 2962 stam,
2617 2887 2777 2961 pone
2807 2879 2930 2943 duo
2965 2883 3206 2950 vexilla.
3255 2885 3400 2949 ΑΕ.
3448 2886 3534 2949 11.
3604 2884 3912 2974 (Seguin.

783 2999 875 3043 no
928 2980 1009 3041 V.
1057 2973 1135 3037 C.
1198 2984 1340 3051 974
1380 2969 1608 3031 saltem
1657 2980 1812 3029 ante
1859 2978 2297 3051 autumnum,
2382 2991 2540 3056 pag.
2594 2969 2785 3053 170.)
3594 3033 3603 3039 ,

780 3087 855 3138 ut
892 3055 1108 3134 doce?
1131 3085 1370 3130 numus
1392 3063 1761 3128 Caesareae
1794 3062 2038 3124 Libani
2083 3063 2296 3126 Phoe·
2476 3066 2714 3129 Novus
2761 3069 2849 3132 ad
2885 3085 3139 3136 certum
3190 3056 3639 3162 Speitypum
3677 3079 3907 3145 inscri-

780 3190 933 3244 σεε,
985 3184 1186 3251 quem
1230 3161 1325 3226 ibi
1365 3160 1693 3225 dedimus.
1749 3156 2061 3221 Ceterum
2104 3158 2293 3222 fuiss'e
2380 3161 2635 3245 ptionis
2672 3165 2938 3230 modus.
2996 3167 3260 3233 Iudicat
3318 3173 3527 3249 haec,
3600 3174 3906 3242 Alexan-

778 3278 847 3329 et
879 3263 1056 3326 hunc
1098 3257 1502 3334 Caracallae
1536 3253 1746 3349 filium
1786 3254 2141 3331 creditum,
2194 3258 2290 3318 di·
2379 3258 2572 3319 drum
2629 3279 2750 3343 per
2784 3281 2988 3325 unam
3030 3264 3382 3350 Elagabali
3430 3269 3900 3357 Indulgeniiam

769 3363 941 3427 serte
992 3353 1261 3437 Dio,‘)
1315 3368 1381 3419 et
1447 3352 1913 3427 Herodianus,
1975 3352 2288 3414 diditam-
2377 3354 2465 3415 ad
2519 3351 2919 3420 Caesaream
2962 3361 3360 3444 dignitatem
3413 3379 3767 3445 evectum,
3822 3383 3900 3434 at

772 3479 905 3546 que
942 3455 1131 3521 fuisse
1158 3452 1405 3539 passim
1422 3450 1595 3513 hanc
1621 3447 1881 3511 famam
1901 3494 1920 3526 ,
1977 3467 2286 3531 compro·
2372 3460 2578 3534 typus
2611 3449 2799 3533 Spem
2831 3457 3117 3540 imperio
3147 3478 3232 3520 ex
3259 3480 3342 3522 ea
3373 3462 3745 3545 adoptione
3776 3465 3899 3527 ad.

765 3556 937 3624 bant
974 3572 1109 3617 non
1147 3567 1369 3636 pauca
1406 3565 1527 3632 per
1567 3542 1929 3606 Gruterum
1988 3563 2286 3607 marmo-
2372 3543 2765 3629 fulgentem.
2865 3552 3154 3616 Alterius
3208 3557 3397 3619 numi
3451 3568 3657 3645 typus
3713 3561 3896 3646 prin-

765 3675 882 3730 ra,
933 3646 1261 3735 inquibus
1287 3642 1681 3706 Alexander
1705 3640 2024 3702 Antonini
2052 3641 2289 3725 Magni
2373 3642 2593 3727 cipem
2635 3645 2999 3720 iuventutis
3038 3649 3355 3735 delignat.

763 3750 945 3815 filius
978 3790 998 3824 ,
1050 3742 1285 3805 Severi
1325 3758 1538 3819 nepos
1592 3737 2046 3821 praedicatur.
2101 3735 2286 3818 Quin
2579 3739 2587 3748 ’
2641 3803 2651 3812 ,
2926 3797 2955 3830 ἡ
3109 3745 3137 3777 *
3282 3796 3316 3830 ἡ

766 3859 835 3909 et
869 3840 1004 3928 ipse
1040 3839 1099 3900 l‘e
1132 3833 1530 3902 Caracallae
1578 3830 1789 3894 filium
1821 3831 2011 3909 tulit,
2064 3844 2138 3895 ut
2165 3852 2282 3916 pa·
2594 3833 2608 3844 ’
2663 3838 2897 3904 Eadem
2929 3839 3205 3928 adversa.
3457 3831 3469 3841 ’
3546 3883 3551 3890 -

761 3954 865 4006 tet
915 3957 999 4000 ex
1076 3935 1218 4013 ejus
1287 3926 1792 3994 constitutione:
1845 3916 1891 4005 f)
1942 3937 2002 3992 et
2038 3949 2198 4014 quae
2241 3949 2285 3995 a
2369 3930 2964 4002 PIETASAVG.
3040 3940 3456 4027 Instrumenta
3482 3943 3891 4033 pontificalia.

761 4037 908 4104 divo
954 4031 1276 4098 Antonino
1333 4033 1524 4112 patre
1564 4045 1693 4090 meo
1719 4070 1740 4103 ‚
1804 4033 1864 4086 et
1898 4045 2052 4108 quae
2095 4047 2138 4090 a
2190 4046 2285 4090 me
2369 4029 2515 4091 AR.
2547 4031 2752 4110 (Mus.
2784 4031 3006 4116 Caes.)

761 4127 1259 4222 rgftriptasunt.
1313 4123 1481 4186 Item
1538 4142 1625 4185 ex
1668 4121 1816 4205 lege
1845 4120 2047 4198 alia,
2098 4118 2163 4202 ἔ)
2215 4134 2283 4184 et
2464 4123 2716 4191 Solitus
2763 4127 3123 4194 Caesarum
3161 4144 3412 4220 typus,
3492 4133 3736 4217 quibus
3796 4139 3893 4203 ad
4024 4184 4035 4193 ·

765 4231 948 4296 dixit
980 4224 1274 4289 Zosimus
1308 4238 1618 4303 quoque,
1671 4215 1859 4279 fuin'e
1896 4236 2051 4280 eum
2082 4218 2281 4299 ἕκτης
2364 4219 2763 4305 dignitatem
2824 4223 3131 4292 Caesaris
3183 4227 3618 4314 pontificatus
3671 4234 3889 4299 etiam

761 4305 994 4409 Σεξηρὲι
1041 4338 1248 4401 γενεας
1281 4332 1713 4396 καταγομενον.
1743 4303 1802 4390 ¹²)
2360 4315 2581 4382 honos
2630 4321 2797 4384 addi
2829 4322 3198 4390 consuevit.

699 4611 728 4632 ἱ
836 4563 896 4627 a)
934 4560 1073 4632 Cap·
1113 4559 1202 4612 60.
1393 4555 1456 4622 b)
1497 4555 1633 4625 Cap.
1668 4571 1702 4622 5
1740 4563 1792 4603 et
1835 4570 1918 4636 ιβ.
2067 4543 2090 4560 '
2118 4559 2169 4620 c)
2214 4554 2475 4609 Domina
2511 4569 2680 4632 temp.
2855 4562 2915 4627 d)
2938 4555 3021 4616 ‘L
3062 4566 3389 4619 LXXVIII.
3426 4568 3456 4635 §
3490 4584 3575 4634 30,
3723 4571 3776 4630 e)
3818 4571 3886 4624 L.

766 4630 1035 4686 LXXlX„
1072 4629 1103 4698 ς
1144 4646 1224 4697 ι9.
1362 4625 1408 4693 f)
1431 4623 1583 4677 ‘Cod.
1624 4623 1690 4675 L.
1726 4622 1806 4683 Π,
1842 4633 1921 4683 nt,
1965 4639 2008 4675 1.
2045 4623 2076 4692 5
2111 4635 2166 4702 8.
2312 4626 2365 4694 g)
2403 4628 2535 4680 cod.
2572 4629 2639 4680 L.
2677 4629 2811 4682 XII.
2851 4635 2931 4692 tit,
2964 4637 3056 4700 36,
3093 4635 3125 4703 5
3160 4653 3216 4699 4.
3355 4636 3416 4703 h)
3454 4636 3514 4688 L.
3550 4637 3626 4689 Π.
3662 4654 3712 4696 ο.
3758 4656 3849 4701 ιι..
