4242 5459
1375 530 2385 609 TREBONIANVS.

308 738 393 803 est
427 736 777 801 subfidium
805 780 825 810 ,
878 754 1038 797 nam
1078 730 1284 797 facile
1325 729 1437 810 est,
1487 731 1665 796 hanc
1700 730 1833 795 sen-

306 836 591 901 tentiam
648 852 732 896 ex
789 828 944 916 ipsis
990 829 1198 893 etiam
1258 826 1550 892 Gallieni
1615 829 1833 892 numis

314 943 639 995 evertere.
690 928 886 990 Adeo
927 928 1102 990 enim
1139 924 1239 987 ini
1281 924 1623 989 erroribus
1687 945 1831 986 mo-

311 1028 726 1089 netariorum
774 1022 1072 1099 scatent,
1126 1034 1199 1085 ut
1244 1041 1447 1105 quam
1518 1022 1638 1084 alii
1684 1020 1830 1082 sen-

312 1122 590 1185 tentiam
658 1122 903 1202 juvare
956 1120 1311 1193 videntur,
1389 1116 1507 1180 alii
1574 1115 1832 1180 rursum

186 1260 205 1265 -
310 1224 737 1305 pervertant,
792 1214 974 1299 quod
1025 1214 1139 1298 qui
1178 1208 1452 1276 credere
1498 1210 1835 1291 noluerit,

299 1317 368 1376 'is
409 1312 654 1397 quaeso
691 1332 778 1374 ex
813 1308 1253 1375 Mediobarbi
1301 1307 1620 1396 catalogo
1673 1306 1828 1371 Gal·

308 1409 469 1472 lieni
523 1427 766 1471 numos
841 1408 909 1471 in
973 1404 1090 1470 sua
1155 1425 1463 1492 quosque
1516 1421 1832 1490 temp-era

310 1503 585 1569 tribuat.
1657 1578 1661 1585 ‚

406 1603 660 1663 Verum
693 1612 761 1664 et
791 1596 1116 1665 adversae
1153 1598 1367 1685 partis
1389 1645 1409 1679 ‚
1460 1620 1634 1684 quae
1658 1598 1829 1661 Tre-

3291 552 3430 637 :363

1916 732 2182 819 perium
2219 750 2301 795 eo
2353 751 2567 817 usque
2612 733 3000 799 extendere.
3067 734 3204 808 Alii
3269 757 3431 803 vero

1919 816 2353 892 alias'eorum
2391 827 2957 914 explicandorum·
2976 829 3298 909 rationeS,
3327 834 3440 900 sed

1921 923 2279 1011 singulares
2323 926 2603 988 omnino
2641 925 2866 987 coacti
2918 925 3070 991 sunt
3117 932 3448 1015 reperire..

1923 1020 2225 1084 Celerius
2259 1021 2386 1083 sese
2424 1022 2793 1104 expediunt
2849 1021 2940 1098 ii,
2989 1024 3105 1105 qui
3136 1026 3438 1110 priorem

1916 1115 2307 1180 sententiam
2348 1115 2695 1180 malebant
2727 1114 3070 1203 amplecti.
3138 1121 3281 1186 Hos
3322 1143 3446 1190 nu·-

1921 1232 2114 1288 moS,
2167 1214 2392 1291 aiunt,
2442 1225 2560 1276 aut
2608 1213 2733 1275 esse
2793 1213 3248 1295 adulterinos,
3318 1228 3441 1283 aut

1918 1308 2102 1371 male
2144 1309 2514 1393 descriptos
2541 1356 2559 1385 ,
2613 1321 2731 1371 aut
2764 1313 3295 1376 monetariorum
3339 1318 3448 1379 vi-

1919 1406 2016 1468 tio
2063 1405 2530 1490 depravatos,
2583 1426 2735 1468 cum
2781 1406 3058 1471 alterius
3115 1411 3442 1497 principis

1920 1504 2238 1565 matrices
2264 1500 2508 1564 horum
2547 1501 2884 1586 capitibus
2903 1502 3252 1572 sociarent.
3307 1509 3438 1569 Ve-

1919 1616 2066 1661 rum
2106 1596 2274 1661 istud
2313 1609 2567 1661 temere
2599 1598 2811 1660 adseri
2856 1598 2997 1683 ipsa
3035 1600 3277 1664 horum
3324 1623 3438 1667 nu·

310 1697 594 1762 boniani
630 1717 864 1762 necem
907 1698 995 1761 ad
1051 1715 1298 1759 annum
1350 1696 1436 1761 V.
1496 1695 1576 1760 C.
1650 1712 1828 1780 ¹007
1916 1714 2182 1774 morum
2218 1693 2421 1779 copia
2462 1706 2604 1758 tam
2636 1694 2704 1756 in
2726 1708 3038 1781 argento,
3088 1716 3291 1781 quam
3329 1721 3440 1765 ae-

312 1791 686 1870 constituit,
736 1804 1131 1881 argumenta
1166 1794 1403 1855 audire
1429 1795 1652 1878 juvat.

412 1895 554 1955 lam
588 1887 756 1953 istud
803 1892 1095 1976 primum
1157 1908 1244 1951 ex
1295 1890 1517 1955 numis
1580 1887 1828 1949 evinci-

1913 1814 1986 1858 re
2020 1789 2226 1854 facile
2262 1789 2532 1860 evincit.
2585 1790 2690 1853 Ad
2724 1791 2895 1854 haec
2934 1790 2977 1854 si
3010 1806 3438 1879 permutatae

1918 1890 2121 1951 essent
2161 1886 2477 1950 matrices
2509 1933 2529 1964 ,
2583 1897 2649 1949 et
2705 1888 2983 1959 aversae
3026 1891 3444 1975 pertinerent

312 2000 459 2065 tur,
514 1986 580 2048 T
583 1986 941 2050 reboniani
981 1987 1340 2071 imperium
1382 1985 1538 2047 satis
1579 1984 1715 2046 late
1735 1982 1829 2044 ul·
1916 1986 2004 2049 ad
2036 1983 2523 2069 praecedentes
2549 1983 3024 2068 imperatoreS,
3078 1988 3263 2071 quod
3296 1990 3472 2072 pla„

306 2097 413 2147 tra
446 2081 805 2166 Augustum
864 2083 1023 2146 anni
1096 2083 1274 2143 1006
1332 2080 1828 2143 extendendum
1916 2101 2002 2144 ne
2038 2091 2295 2142 certum
2347 2078 2555 2140 visum
2611 2075 2701 2140 est
2751 2079 3012 2164 Pagio,
3060 2087 3117 2157 ⁸)
3184 2085 3439 2148 necess'e

280 2181 479 2265 nesse„
512 2176 790 2241 Exstant
822 2180 1003 2242 numi
1031 2177 1473 2239 Alexandrini
1495 2189 1638 2238 tam
1662 2176 1831 2238 Tre-

310 2275 590 2338 boniani
627 2321 647 2352 ,
701 2296 903 2358 quam
941 2272 1283 2337 Volusiani
1318 2273 1612 2356 inscripti
1655 2269 1730 2332 L.
1760 2272 1833 2345 Γ.

314 2372 486 2435 Cum
525 2389 737 2434 annus
770 2369 1194 2435 Treboniani
1244 2374 1298 2433 A
1364 2369 1665 2453 coeperit
1721 2386 1834 2429 ex·

315 2480 512 2531 eunte
545 2466 924 2530 Novembri
985 2469 1071 2530 V.
1136 2463 1215 2533 C.
1283 2476 1510 2546 1004,
1559 2463 1673 2527 vel
1717 2459 1834 2547 ipsi

318 2562 685 2627 adversarii
731 2563 992 2628 dabunt
1018 2609 1038 2639 ,
1092 2581 1178 2624 ex
1217 2561 1833 2626 Alexandrinorum

316 2659 581 2723 calculo
620 2680 867 2725 annum
917 2662 968 2725 Γ
1020 2659 1322 2746 incipere
1367 2655 1662 2721 debuiss’e
1727 2654 1837 2718 die

313 2756 548 2820 XXIX.
575 2752 847 2842 Augusti
890 2758 1049 2818 anni
1114 2758 1335 2832 1006,
1402 2774 1689 2837 cumque
1721 2772 1835 2814 nu-

314 2872 583 2916 morum
640 2851 722 2916 sic
786 2850 1249 2938 inscriptorum
1321 2871 1570 2935 magna
1634 2850 1840 2933 copia

307 2947 621 3035 supersit,
674 2948 928 3013 necess‘e
964 2946 1076 3024 est,
1126 2947 1390 3034 longius
1427 2947 1652 3010 adhuc
1675 2957 1839 3007 tem-

310 3064 444 3132 pus
484 3046 643 3108 inde
680 3064 723 3108 a
771 3045 956 3107 dicto
1003 3045 1113 3107 die
1168 3044 1522 3131 imperass'e
1570 3040 1836 3105 Trebo-

310 3142 622 3206 nianum.
728 3141 819 3204 Hi
865 3159 1027 3225 ergo
1078 3141 1263 3203 numi
1326 3137 1653 3224 adfligunt
1702 3136 1839 3200 sen·

307 3237 603 3301 tentiam
649 3236 1113 3315 Tillemontii,
1180 3236 1414 3322 pagii,
1463 3234 1792 3297 Bandurii
1819 3280 1839 3312 ,

316 3332 791 3415 aliorumque,
865 3334 980 3418 qui
1033 3332 1546 3396 Trebonianum
1618 3329 1840 3392 mense

312 3429 520 3494 Maio
552 3439 670 3490 aut
712 3427 904 3492 Iunio
947 3430 1106 3493 anni
1160 3451 1185 3511 ¹.
1200 3430 1338 3492 oo6
1399 3428 1659 3492 caesum
1712 3423 1842 3488 fla-

310 3538 532 3590 tuere.

418 3619 881 3686 Fortissimum
938 3621 1095 3685 huic
1139 3621 1502 3685 sententiae
1550 3618 1843 3703 patroci-

317 3717 509 3781 nium
556 3719 826 3781 accedit
866 3739 953 3782 ex
993 3720 1215 3782 numis
1261 3716 1682 3780 Treboniani
1733 3735 1844 3778 ae·

317 3833 450 3897 que
491 3832 573 3877 ac
612 3814 958 3879 Volusiani
997 3802 1331 3899 inscriptis
1370 3814 1439 3877 P.
1462 3813 1561 3876 M.
1598 3811 1746 3876 TR.
1766 3811 1848 3895 P,

313 3907 478 3974 1111.
525 3908 716 3977 COS.
772 3912 912 3995 IL,
968 3932 1053 3974 ex
1107 3930 1242 3994 quo
1290 3908 1674 3972 tribunatus
1726 3927 1842 3970 nu·

319 4023 516 4069 mero
575 4007 831 4070 necesse
898 4005 984 4070 est
1043 4006 1556 4070 Trebonianum
1612 4004 1847 4067 saltem

317 4119 569 4165 annum
614 4124 790 4182 1007
829 4103 1196 4166 inchoasse.
1242 4105 1434 4167 Haec
1464 4102 1704 4165 horum
1730 4119 1846 4162 nu·

310 4217 586 4262 morum
630 4198 1014 4263 testimonia
1054 4201 1223 4262 tanti
1271 4199 1414 4263 visa
1464 4199 1610 4262 sunt
1652 4197 1845 4263 Peta-

309 4296 482 4374 vio,
528 4309 606 4358 ut
653 4315 789 4360 non
831 4294 1178 4359 dubitaret
1231 4296 1297 4360 T
1300 4294 1657 4358 reboniani
1719 4293 1845 4356 im-

292 4434 499 4458 ‘—

377 4504 436 4571 a)
483 4503 613 4562 Cxit.
653 4504 872 4568 Baton,
904 4503 980 4559 ad
1019 4505 1092 4563 V.
1130 4506 1196 4567 C.
1240 4505 1392 4565 2006,
1430 4521 1487 4558 ιι.
1529 4517 1610 4571 24.

1923 2171 2078 2239 e'ss'et
2102 2221 2128 2249 ,
2175 2173 2450 2236 easdem
2487 2184 2628 2236 tam
2655 2171 2956 2258 spectata
2983 2175 3442 2263 inscriptione,

1926 2291 2131 2353 quam
2172 2280 2345 2355 typo
2389 2269 2661 2333 aversas
2705 2288 3059 2335 occurrere
3105 2274 3174 2335 in
3220 2278 3441 2339 numis

1922 2369 2414 2451 imperatorum
2474 2366 2785 2450 proxime
2847 2369 3446 2458 praecedentium,

1924 2464 2106 2549 quod
2154 2474 2384 2525 tamen
2430 2461 2726 2525 nondum
2780 2463 3231 2533 observatum.
3304 2469 3443 2532 Nu-

1924 2560 2052 2623 mis
2094 2557 2179 2622 lic
2229 2558 2562 2643 inscriptis
2599 2556 2891 2623 feliciter
2929 2561 3279 2647 ,suppetias
3317 2586 3443 2629 ve-

1926 2658 2059 2733 nit,
2113 2674 2519 2741 omnemque
2563 2654 2671 2719 his
2703 2655 2816 2720 vel
2838 2660 3083 2721 erroris
3115 2659 3226 2722 vel
3262 2658 3445 2741 frati»

1926 2753 2029 2816 dis
2069 2751 2502 2837 suspicionem
2548 2752 2786 2815 eximit
2847 2773 3187 2834 marmor,
3259 2760 3446 2841 quod

1927 2846 2142 2913 exstat
2183 2849 2446 2911 Romae
2484 2849 2556 2910 in
2607 2848 2894 2915 aedibus
2956 2852 3216 2916 march.
3265 2856 3448 2920 Ron-

1928 2946 2198 3023 danini,
2254 2944 2863 3030 quodqueprimus
2915 2948 3231 3034 vulgavit
3278 2950 3455 3015 Bar-

1925 3030 2440 3125 thelemyus‚b)
2495 3039 2761 3107 etinfra
2798 3044 2864 3106 in
2903 3046 3289 3112 nominibus
3313 3046 3466 3113 Vo·‘

1882 3136 2156 3202 -lusiani
2182 3133 2518 3224 copiosius
2550 3138 2970 3218 recitabitur,
3020 3143 3088 3206 in
3132 3146 3449 3227 quoTre·

1928 3233 2266 3297 bonianus
2304 3253 2521 3317 aeque
2558 3253 2641 3298 ac
2674 3233 3074 3299 Volusianus
3109 3240 3458 3305 dicuntur:

1929 3330 2082 3395 TR.
2125 3331 2198 3394 Ρ.
2244 3328 2397 3393 1111.
2446 3328 2634 3393 Cos.
2673 3329 2760 3395 11.
2796 3331 2868 3394 Ρ.
2898 3331 2970 3393 Ρ.
3024 3335 3129 3394 An
3164 3347 3230 3395 et
3263 3355 3451 3396 mar-

1932 3445 2083 3488 mor
2126 3422 2290 3487 illud
2313 3471 2332 3501 ‚
2387 3427 2571 3508 quod
2603 3446 2752 3489 cum
2787 3427 3006 3489 numis
3035 3439 3176 3488 tam
3205 3428 3460 3495 exi-mie

1850 3541 1854 3546 ·
1933 3520 2310 3605 conspirat,
2363 3524 2802 3606 corruptum?

2029 3617 2183 3679 Huc
2230 3617 2517 3699 denique
2551 3615 2814 3678 faciunt
2851 3619 3040 3682 numi
3087 3619 3466 3688 Aemiliani

1934 3715 2005 3776 in
2059 3712 2285 3777 Dacia
2346 3731 2497 3774 cum
2558 3731 2739 3776 anno
2776 3713 2961 3779 vlu.
3012 3714 3285 3802 signati,
3339 3721 3462 3803 qui

1937 3812 2244 3894 congruit
2279 3827 2460 3872 anno
2501 3812 2581 3876 V.
2618 3806 2698 3873 C.
2745 3827 2950 3900 ¹⁰⁰7·
3022 3812 3094 3876 Si
3131 3835 3291 3900 ergo
3327 3821 3454 3880 Ae·

1936 3906 2252 3970 milianus
2289 3905 2420 3969 hoc
2451 3906 2677 3970 adhuc
2725 3927 2902 3971 anno
2947 3908 3148 3975 vivus
3191 3924 3260 3975 et
3316 3916 3458 3976 Au-

1937 4000 2155 4087 gullus
2195 4023 2331 4066 non
2363 4015 2697 4089 repugnat
2732 4004 3103 4070 consulatui
3150 4008 3458 4076 Valeria·

1936 4101 2043 4183 ni,
2094 4119 2312 4182 neque
2347 4098 2822 4183 Trebonianus
2866 4102 2999 4167 hoc
3035 4125 3214 4169 anno
3256 4107 3470 4172 vivus

1938 4209 2005 4259 et
2038 4194 2372 4282 Augustus
2414 4197 2633 4259 eidem
2680 4200 3107 4285 repugnabit.
3171 4200 3301 4265 Etfi
3340 4225 3455 4267 ve·

1931 4312 2009 4356 ro
2034 4339 2053 4370 ,
2105 4296 2291 4377 quod
2329 4295 2420 4356 ad
2463 4292 2977 4382 chronologiam
3017 4299 3277 4376 attinet,
3325 4319 3448 4385 pap

1784 4501 1841 4571 b)
1882 4502 2060 4569 Mem,
2097 4502 2164 4557 Β.
2199 4502 2788 4565 1..T0n..xxvn-1.
2822 4526 2884 4584 p.
2921 4509 3049 4569 606.

2851 4586 2962 4649 Zz
3015 4603 3090 4657 a,
