4242 5459
871 608 1012 675 ²84

866 785 1102 852 OLVS
1158 785 1289 847 hoc
1356 782 1513 844 loco
1576 798 1995 864 praenomen
2046 775 2181 861 est,
2234 778 2381 843 scri-

863 896 1055 969 ptum
1096 900 1219 965 pro
1268 875 1598 951 AVLVS,
1649 878 1833 958 cujus
1869 873 2188 960 exempla
2243 875 2383 939 alia

853 979 1029 1041 -dedi
1065 977 1217 1040 Vol.
1272 974 1388 1037 IV.
1427 993 1495 1055 p.
1532 972 1651 1052 56.

967 1071 1171 1153 Cuius
1207 1080 1492 1132 naturae
1539 1066 1744 1129 fuerit
1789 1065 1959 1128 haec
1998 1066 2169 1144 dea,
2243 1085 2379 1149 quo

867 1167 1049 1231 cultu
1096 1162 1477 1249 proposita,
1530 1163 1787 1245 optime
1824 1160 2099 1224 docebit
2131 1162 2380 1245 Apule·

867 1268 1011 1343 ius,
1064 1260 1201 1345 ipse
1253 1257 1439 1322 Afer.
1491 1261 1747 1342 Magna
1807 1257 1984 1320 Iovis
2029 1275 2380 1338 germana,

865 1357 1126 1439 inquit,
1171 1353 1240 1437 ⁸)
1288 1364 1348 1418 et
1376 1357 1680 1443 conjuga,
1712 1353 1840 1442 five
1883 1361 1952 1416 tu
1985 1350 2217 1435 Sami,
2272 1388 2294 1399 -
2348 1390 2379 1406 .-

847 1456 977 1543 five
1026 1451 1202 1537 celsae
1245 1450 1651 1536 Carthaginis
1673 1495 1694 1527 ,
1746 1466 1908 1534 quae
1962 1456 2022 1511 te
2069 1448 2379 1532 virginem

855 1558 1116 1614 vectura
1145 1547 1339 1610 leonis
1384 1548 1543 1611 coelo
1591 1553 2018 1610 commeantem
2064 1543 2331 1627 percolit
2355 1548 2405 1620 ,'

864 1641 1267 1730 beatassedes
1281 1641 1673 1730 frequentas.
1728 1641 1824 1702 En
1859 1638 1982 1701 tibi
2003 1637 2180 1703 hanc
2215 1637 2377 1700 Car·

759 1756 768 1763 ·
862 1737 1371 1823 thaginienfium
1408 1740 1608 1801 deam
1645 1738 1715 1799 in
1769 1745 2051 1798 vectura
2113 1733 2328 1797 leonis
2355 1779 2377 1810 ,

857 1848 1069 1919 atque
1112 1833 1245 1896 hoc
1291 1833 1498 1896 etiam
1535 1833 1744 1895 modo
1804 1831 1871 1892 in
1922 1848 2130 1891 numo
2185 1848 2377 1914 prae·

867 1932 1041 1993 sente
1068 1928 1507 2015 propoiitam,
1548 1940 1691 1991 tum
1730 1938 1796 1989 et
1828 1924 1918 1988 ab
1941 1924 2230 2010 Apuleio
2253 1944 2374 2008 pro

863 2027 1119 2088 Iunone
1172 2024 1529 2100 habitam,
1591 2040 1993 2106 quanquam
2075 2021 2376 2105 spectato

859 2121 1078 2184 leonis
1140 2116 1500 2183 ministerio
1570 2117 1828 2202 aliquid
1897 2115 2155 2178 habeat
2228 2135 2381 2178 cum

859 2216 1088 2280 Matre
1121 2216 1324 2278 deum
1376 2231 1760 2287 commune,
1810 2208 2381 2277 utreveraS.Auss

858 2310 1147 2398 gusiinus
1182 2311 1357 2374 hanc
1399 2320 1467 2373 et
1500 2307 1870 2372 Coeleltem
1909 2303 2201 2370 nostram
2241 2325 2378 2370 uno

843 2408 1238 2493 eodemque
1253 2407 1411 2470 loco
1432 2392 2098 2490 conjunxit:⁵)Coaelesti
2113 2403 2377 2486 virgini,

861 2512 919 2566 et
936 2502 1379 2588 Berecynthiae
1410 2504 1606 2566 matri
1629 2501 1887 2565 deorum
1916 2500 2209 2587 omnium.
2239 2498 2374 2560 Sed

860 2611 931 2661 et
961 2599 1460 2674 Tertullianus,
1511 2616 1666 2660 cum
1709 2594 1919 2657 dixit:
1972 2592 2033 2673 ⁶)
2124 2593 2240 2657 Ad
2265 2591 2370 2655 be·-

828 2695 1002 2776 stIas
1026 2694 1382 2778 impellimur
1415 2693 1451 2758 ἓ
1519 2702 1677 2755 certe
1695 2734 1714 2762 ‚
1767 2708 1925 2772 quas
1967 2686 2197 2751 Libero
2219 2731 2238 2763 ,
2312 2695 2373 2749 et

857 2788 1069 2871 Cybele
1097 2834 1118 2866 ,
1171 2799 1232 2852 et
1280 2788 1515 2876 Coeli-’stt’
1551 2783 1913 2869 applicatis,
1987 2781 2218 2844 leones
2275 2781 2371 2844 in·

854 2882 1158 2960 tellexit,
1211 2898 1381 2963 quoa
1419 2879 1677 2942 Bacchi
1698 2889 1783 2939 ·et
1831 2875 2127 2957 Cybeles
2180 2879 2371 2960 juga·

856 2975 955 3037 les
1002 2977 1339 3037 novimus.
1422 2974 1530 3036 Ad
1579 2970 2054 3057 explicandam
2115 2990 2369 3056 aquam

853 3091 892 3132 e
916 3089 1086 3155 rupe
1118 3079 1633 3155 promanantem
1653 3067 1992 3152 duplicem
2014 3064 2204 3130 lubet
2224 3085 2369 3131 eru·

738 3192 746 3201 ·
853 3165 1011 3229 ditis
1049 3184 1433 3251 proponere
1465 3165 1944 3242 conjecturam.
2019 3167 2157 3227 Aut
2191 3161 2368 3225 enim

849 3262 1033 3325 credi
1054 3258 1295 3347 potest,
1347 3260 1668 3325 Severum
1691 3257 1806 3321 suo
1829 3258 2090 3344 sumptu
2113 3278 2363 3346 aquam

835 3355 1334 3443 Carthaginem
1387 3355 1756 3432 derivass'e',
1813 3366 1881 3417 et
1920 3352 2091 3418 istud
2141 3372 2363 3439 aquae

837 3457 1252 3541 impetratae
1297 3450 1698 3517 beneficium
1742 3449 1824 3514 sic
1859 3449 2049 3514 fuiss'e
2115 3452 2183 3513 in
2235 3470 2362 3512 nu-

843 3553 970 3616 mis
987 3550 1415 3638 inscriptione
1437 3548 1654 3612 INDV
1666 3544 2363 3611 LGENT1A.AVGG.

838 3648 965 3711 IN.
1001 3646 1342 3714 CARTH.
1382 3644 1797 3709 celebratum
1831 3689 1854 3721 ,
1906 3654 1981 3705 ut
2022 3641 2186 3705 olim
2233 3643 2361 3705 Pa-

841 3741 1090 3804 trenses
1117 3741 1417 3805 Achaiae
1453 3738 1854 3802 beneficium
1884 3750 2203 3802 monetae
2229 3738 2359 3800 im-

836 3846 1155 3922 petratae
1186 3833 1700 3920 praedicabant
1750 3835 1819 3896 in
1870 3834 2129 3912 numia,
2202 3833 2360 3896 scri-

1592 580 1689 656 L.
1788 577 2511 674 sEP‘rnxuvs
2612 579 3244 666 SEVERVS.

2468 778 2695 856 liano,
2768 771 2834 860 d)
2898 781 3254 867 pluviarum
3297 780 3749 871 poffr‘cltatrix,
3809 806 4020 878 quaa·

2466 873 2672 937 facile
2718 879 3020 942 indicant
3072 878 3305 962 aquae
3332 901 3420 943 ex
3454 901 3624 967 rupe
3654 885 3982 968 profluen-

2471 981 2601 1046 tes,
2656 991 2832 1054 quae
2863 973 3258 1037 coelestibus
3293 975 3544 1060 pluviis
3584 983 3980 1061 nutriuntur,

2474 1067 2784 1148 quorsum
2829 1080 2897 1130 et
2939 1070 3230 1154 pertinet
3267 1069 3524 1134 fulmen
3550 1118 3570 1150 ,
3615 1077 3801 1156 quod
3850 1079 3979 1145 dea

2471 1180 2673 1223 manu
2730 1165 2986 1243 jactat,
3049 1184 3209 1227 nam
3278 1165 3518 1229 eodem
3575 1180 3642 1231 et
3685 1172 3980 1255 luppiter

2470 1256 2744 1320 Pluvius
2763 1271 3063 1322 armatus
3081 1262 3517 1344 comparet-in
3537 1282 3744 1329 numo
3762 1266 3976 1351 Ephe·

2466 1350 2554 1436 si,
2607 1371 2805 1435 quem
2844 1355 3024 1418 vide.
3045 1354 3107 1438 e)
3159 1353 3325 1418 Cum
3368 1376 3453 1419 ex
3478 1356 3779 1423 laudatis
3799 1369 3977 1447 Apu·

2466 1446 2583 1510 leii
2633 1446 2860 1510 verbis
2886 1448 3157 1528 conflet,
3208 1449 3383 1514 hanc
3414 1450 3781 1518 Coelefiem
3823 1478 3976 1521 ean-

2462 1543 2619 1605 dem
2650 1541 2840 1605 fuiss'e
2881 1564 3031 1607 cum
3059 1547 3337 1624 lunone,
3386 1558 3456 1609 et
3496 1547 3745 1613 constet
3775 1571 3974 1635 prae-

2459 1649 2690 1714 terea,
2756 1636 2913 1717 huic
2964 1641 3141 1703 aeris
3181 1642 3533 1705 arbitrium
3584 1642 3772 1710 fuiss'e
3822 1668 3974 1732 per·

2463 1733 2764 1807 missum,
2836 1733 3044 1798 facile
3089 1739 3228 1817 ejus
3279 1737 3451 1800 deae
3514 1757 3665 1800 cum
3724 1741 3979 1825 pluviis

2460 1847 2708 1891 nexum
2748 1830 3205 1915 intelligimus.
3288 1830 3555 1896 Placuit
3620 1836 3709 1897 ad
3764 1838 3978 1921 expli·

2463 1925 2754 1986 candum
2821 1937 3039 1988 totum
3100 1927 3233 1988 hoc
3287 1941 3755 2011 argumentum
3805 1951 3979 2016 prae

2460 2015 2735 2084 testibus
2771 2020 2931 2084 aliis
2980 2022 3299 2084 arcess'ere
3361 2024 3772 2108 Apuleium,
3844 2034 3974 2091 Au·

2462 2111 2783 2198 guflinum
2811 2162 2832 2194 ,
2884 2116 3420 2196 Tertullianum,
3472 2121 3657 2203 quod
3704 2120 3790 2184 'hi
3838 2134 3975 2184 tres

2464 2207 2616 2273 Afri
2653 2211 2929 2275 natione
2965 2210 3192 2288 fuere,
3243 2213 3462 2296 iisque
3510 2215 3688 2279 adeo
3740 2217 3978 2280 dome-

2463 2302 2621 2369 stica
2662 2305 2835 2370 haec
2867 2304 3107 2370 fabula
3141 2308 3438 2370 omnium
3477 2312 3776 2373 maxime
3824 2332 3978 2399 per·

2462 2399 2689 2485 specta
2742 2402 2867 2465 ess'e
2905 2401 3156 2466 debuit.
3227 2403 3537 2468 Eandem
3586 2406 3763 2469 hanc
3802 2406 3977 2471 Coe·

2455 2492 2727 2574 lestem,
2776 2497 2885 2561 sed
2928 2495 3188 2561 Lunam
3235 2499 3605 2579 creditam',
3674 2502 3763 2565 ab
3812 2502 3980 2566 Ela-

2456 2589 2708 2673 gabalo
2740 2589 2931 2657 fuisse
2990 2594 3282 2656 Romam
3330 2595 3764 2672 translatam,
3849 2598 3980 2661 ibi-

2455 2704 2585 2766 que
2618 2686 2749 2747 deo
2773 2684 3154 2772 Elagabalo
3183 2692 3619 2754 matrimonio
3644 2696 3985 2775 junctam,

2453 2780 2523 2843 in
2561 2779 2759 2863 hujus
2800 2796 3075 2846 moneta
3116 2783 3542 2868 docebimuS,

2550 2875 2815 2939 Numoa
2885 2877 3056 2954 hos,
3130 2878 3239 2942 etsi
3312 2881 3496 2945 nullo
3574 2880 3979 2946 charactere

2455 2969 2945 3056 chronologico
3017 2972 3298 3059 insignes
3329 3020 3350 3052 ,
3415 2977 3745 3061 praesenti
3784 2996 3981 3040 anno

2455 3065 2715 3143 adfixi,
2769 3069 2928 3150 quia
2970 3068 3041 3130 in
3090 3072 3310 3133 numis
3346 3069 3744 3135 Caracallae
3784 3076 3977 3155 ejus·

2452 3162 2608 3225 dem
2648 3165 3030 3247 argumenti
3067 3164 3328 3249 insuper
3365 3168 3636 3230 additur
3664 3165 3837 3231 trib-
3857 3156 3980 3253 po-

2450 3256 2690 3335 testae,
2744 3259 2810 3321 in
2859 3258 3015 3321 aliis
3051 3260 3213 3344 VI.,
3263 3263 3332 3325 in
3362 3262 3515 3326 aliis
3545 3263 3736 3343 vn„
3786 3281 3980 3347 quae

2448 3350 2538 3417 est
2573 3353 2768 3437 hujus
2804 3355 3155 3440 temporiS.

3024 3498 3057 3531 a
3330 3494 3339 3498 -

2740 3544 2976 3631 Eadem
3017 3547 3295 3633 adversa.
3381 3504 3415 3538 ι.

2450 3640 2605 3707 1111.
2646 3638 3280 3708 LIBERALITAS.
3330 3642 3604 3713 AVGG.
3656 3645 3977 3715 Liberali-

2447 3739 2766 3821 tasstans.
2817 3737 2962 3800 AR.
3016 3737 3218 3820 (Mus.
3254 3738 3480 3831 Caes.)

2541 3833 2650 3895 Ex
2688 3832 2909 3895 nuruis
2954 3835 3115 3897 anni
3163 3837 3636 3918 praecedentis
3703 3851 3975 3904 certam

838 3944 1006 4017 pto:
1061 3928 1724 3993 INDVGENTIAE.
1792 3927 1999 3992 AVG.
2053 3922 2356 3992 ’ΜΟΝΕο
2442 3940 2747 3992 tenemus
2780 3928 3011 3992 Severi
3039 3930 3513 3996 liberalitatem
3553 3933 3676 3999 111.
3725 3938 3815 3997 At
3841 3934 3979 3998 dif-

834 4028 985 4092 TA.
1021 4024 1592 4089 IMPETRATA.
1661 4026 1871 4108 iiiut,
1923 4025 2106 4108 quod
2157 4044 2359 4108 prae-

834 4122 1004 4186 stare
1046 4118 1393 4197 existimo,
1444 4120 1616 4185 haee
1674 4138 1897 4204 aquae
1951 4116 2208 4180 fluenta
2266 4116 2354 4180 ad

2446 4023 2687 4086 {icilius
2752 4022 2839 4084 est
2882 4022 3087 4110 figere
3137 4027 3550 4109 praesentem
3595 4028 3752 4091 1111.
3828 4031 3978 4092 Ta·

2447 4138 2598 4180 men
2644 4137 2728 4181 ex
2764 4137 2973 4181 numo
3014 4119 3418 4187 caracallae
3450 4144 3600 4185 cum
3655 4123 3788 4187 hac
3844 4145 3979 4188 ea-

833 4232 1080 4306 typum
1133 4217 1510 4302 principem
1579 4216 1749 4278 deae
1828 4210 2145 4277 Coelessis
2212 4233 2358 4298 per·
2446 4214 2601 4275 dem
2647 4214 2881 4276 aversa
2910 4222 3044 4280 n‘on
3089 4217 3520 4281 incommode
3546 4234 3728 4281 anno
3762 4239 3978 4304 prae„-

833 4315 1070 4378 tinent.
1120 4313 1279 4376 Fuit
1303 4310 1519 4389 haec,
1570 4308 1728 4373 teste
1784 4311 2029 4372 iterum
2088 4308 2154 4371 T
2160 4307 2363 4372 ertul·
2442 4308 2605 4370 senti
2641 4310 2942 4393 illigatur
2973 4315 3494 4397 proptervultus
3520 4313 3978 4394 lineamenta,

822 4584 832 4595 ·
873 4556 961 4618 .a)
1001 4553 1253 4607 Metumo
1323 4549 1377 4602 h.
1415 4548 1484 4603 L.
1526 4548 1631 4599 VI.

831 4639 1007 4698 (εἵη,
1258 4567 1319 4688 :8
1353 4617 1487 4678 vot.
1522 4616 1600 4669 11.
1643 4633 1702 4690 p.
1739 4627 1860 4685 514.

1710 4528 1720 4536 '
1795 4544 1894 4619 ,ιρι
1929 4543 2000 4598 de
2039 4508 2164 4609 civ?¹
2200 4544 2295 4599 dei
2326 4545 2396 4599 1..
2430 4546 2506 4598 11.
2543 4562 2591 4609 e,
2630 4559 2689 4612 4.

2887 4546 2938 4613 e)
2980 4544 3216 4618 Apoleg.
3253 4564 3302 4608 e.
3344 4563 3426 4605 ao.
3618 4545 3676 4617 d)
3717 4545 3981 4625 Apolo‘,
