4242 5459
909 601 1003 661 8⁰
1784 552 2478 643 FAVSTINA
2572 551 3081 639 IVNIOR.

908 774 994 840 fic
1025 788 1299 850 tamen,
1353 784 1427 835 ut
1462 768 1710 835 faciem
1763 762 2165 848 Faustinae,
2245 773 2312 826 et
2365 761 2434 826 in
2517 762 2702 846 quod
2755 761 2932 824 h'unc
2969 761 3184 845 ipsum
3225 768 3467 845 typum
3521 762 3586 821 in
3639 756 3820 837 huius
3874 760 3986 819 An·

910 872 1148 936 aversa
1204 882 1455 932 tectum
1537 863 1776 947 templi
1824 873 1892 925 et
1961 879 2153 923 aram
2200 859 2439 923 vestiat
2516 855 2739 943 gustae
2784 869 3060 919 moneta
3095 855 3425 920 viderent.
3509 854 3660 918 Non
3700 852 3871 915 lubet
3906 851 3988 912 in·

909 965 1188 1030 lamella
1228 975 1547 1047 argentea
1581 972 1726 1021 arte
1774 970 1915 1020 tam
1961 955 2313 1039 mirabili,
2364 964 2439 1016 ut
2516 964 2747 1036 eptam
2793 952 3013 1029 hanc,
3076 963 3144 1014 et
3181 953 3325 1034 jam
3380 968 3554 1014 nunc
3585 948 3823 1013 nemini
3863 963 3990 1010 cre·

908 1061 1079 1125 nihil
1106 1058 1469 1144 perfectius
1512 1057 1577 1117 in
1602 1052 1734 1116 hoc
1760 1071 2003 1138 genere
2040 1051 2260 1113 videri
2285 1048 2433 1136 pos·
2515 1049 2732 1113 ditam
2779 1048 3172 1133 opinionem
3216 1044 3546 1112 refellere.

868 1195 881 1204 ·
914 1161 1024 1219 sit.
1076 1155 1235 1215 Fuit
1268 1153 1429 1214 olim
1488 1152 1554 1213 in
1607 1147 1832 1212 museo
1884 1146 2172 1231 Collegii
2231 1145 2435 1209 acad.

916 1253 985 1314 S.
1010 1250 1059 1314 1.
1086 1297 1104 1326 ‚
1158 1260 1226 1310 et
1259 1248 1417 1309 inde
1437 1249 1507 1309 in
1527 1264 1768 1331 gazam
1790 1240 2192 1305 Caesaream
2215 1251 2431 1302 trans·

911 1348 1149 1410 latum.
1240 1341 1556 1406 Ceterum
1606 1339 1817 1403 nolim
1870 1333 2220 1413 adserere,
2294 1354 2433 1397 non

913 1437 1171 1504 exstare
1204 1435 1561 1500 Faustinae
1592 1453 1864 1498 numum
1892 1432 2254 1517 genuinum
2281 1450 2434 1492 cum

911 1537 1047 1598 hoc
1084 1547 1297 1619 typo,
1350 1552 1504 1594 nam
1548 1530 1880 1594 habemus
1920 1527 2199 1590 similem
2251 1526 2433 1588 dem·

913 1643 1038 1716 pto
1081 1630 1148 1693 S.
1208 1627 1284 1692 C.
1323 1642 1390 1693 et
1438 1624 1736 1690 adflante
1774 1629 1997 1707 parva
2051 1621 2268 1707 figura
2295 1670 2314 1704 ‚
2365 1621 2435 1683 in

911 1725 1134 1791 numis
1172 1725 1447 1789 coaevis
1494 1719 1800 1784 Lucillae
1864 1718 2209 1781 maximae
2271 1718 2435 1780 item

912 1821 1228 1904 formae,
1281 1838 1450 1902 quos
1492 1816 1805 1908 dabimus
1843 1815 2003 1876 loco
2038 1813 2182 1879 suo.
2254 1809 2435 1875 'Mo-

912 1936 1075 1981 nere
1129 1928 1358 1978 tamen
1393 1915 1646 1982 tirones
1682 1910 1813 1974 hoc
1863 1909 2020 1971 loco
2066 1907 2311 1985 volui,
2363 1918 2437 1969 ut

914 2021 1199 2097 propter
1242 2009 1477 2074 causas
1510 2006 2014 2086 memoratasin
2052 2002 2435 2088 adproban-

918 2107 1026 2170 dis
1062 2106 1149 2169 iis
1184 2106 1573 2169 cautionem
1616 2101 2013 2164 adhibeant.

1654 2199 1686 2230 ἢ

1212 2298 1308 2365 Vt
1339 2295 1432 2360 lit.
1472 2252 1559 2360 33.

2755 1239 3062 1307 DIVA
3150 1233 3773 1306 FAVSTINA.

2609 1431 2906 1493 Auctore
2934 1430 3159 1494 Dione
3209 1418 3277 1513 ¹²)
3328 1428 3682 1495 Faustinae
3734 1435 3990 1488 mortem

2516 1523 2951 1588 vehementer
3001 1526 3174 1589 luxit
3220 1525 3563 1592 Aurelium
3662 1520 3991 1607 Apertius,

2515 1639 2691 1703 quae
2733 1621 2824 1683 ad
2868 1622 3446 1686 consecrationem
3476 1620 3835 1706 pertinent,
3878 1612 3988 1675 Ca-

2512 1715 2883 1808 pitolinus:
2934 1713 2995 1798 ‘)
3038 1721 3222 1801 pettit
3253 1737 3298 1783 a
3328 1715 3594 1803 senam,
3659 1723 3732 1780 nt
3761 1709 3995 1773 honam

2512 1811 2873 1897 Faustinae,
2935 1815 3269 1898 aedemque
3320 1813 3700 1887 decerneret,
3769 1807 3998 1870 laudata

2515 1907 2760 1982 eadem,
2812 1928 2949 1973 cum
2988 1918 3194 1973 tamen
3236 1911 3660 1994 impudicitiae
3665 1905 3841 1993 fama
3864 1917 3999 1985 gra·

2513 2005 2678 2066 viter
2713 2002 3072 2092 labor-affer,
3124 2025 3281 2089 quae
3319 2005 3695 2070 Antoninus
3726 1999 3814 2064 vel
3846 1996 4004 2082 nesci·

2510 2101 2641 2173 vit,
2692 2100 2789 2161 vel
2824 2100 3228 2189 dzffimulavit.
3280 2102 3523 2168 Novas
3548 2098 3771 2185 puellas
3799 2089 4005 2178 Fuisti-

2511 2195 2741 2257 m'anas
2799 2197 3059 2281 institnit
3116 2196 3183 2258 in
3230 2193 3537 2261 honor-m
3597 2193 3816 2260 uxoris
3859 2209 4005 2251 mor-

2514 2299 2677 2354 tuae.
2729 2290 2965 2356 Divum
3010 2295 3196 2355 etiaim
3219 2292 3579 2378 Faustinam
3616 2311 3656 2356 a
3670 2290 3882 2375 senata
3909 2303 4003 2367 ap-

918 2399 989 2464 S.
1033 2391 1114 2470 P.
1146 2394 1232 2476 Q.
1264 2395 1343 2457 R.
1435 2391 1810 2476 Car-pentum
1860 2405 1902 2450 a
1946 2381 2195 2449 duabus
2256 2382 2441 2449 mulis
2506 2385 2795 2471 penatum
2821 2388 3194 2470 gratulatus
3227 2389 3321 2475 ςβ.
3373 2403 3493 2438 --..
3578 2388 3743 2452 Fmt
3776 2391 3833 2445 η
3870 2380 4006 2444 coto-

915 2481 1217 2560 rractum.
1272 2488 1406 2555 ΛΕ.
1444 2480 1496 2552 l.
1552 2484 1761 2568 (Mus.
1783 2477 2012 2560 Caes.)

949 2631 959 2644 ·
1016 2585 1349 2651 Involass'e
1394 2578 1778 2645 Faustinam
1832 2578 1899 2637 in
1944 2577 2252 2659 carpenti
2305 2573 2437 2638 ho-

917 2702 1157 2749 norem
1227 2675 1543 2759 exemplo
1593 2672 2021 2745 Messalinae,
2090 2682 2159 2729 et
2202 2669 2436 2752 Agrip.

917 2781 1127 2863 pinae
1189 2790 1480 2837 uxorum
1531 2767 1851 2843 Claudii,
1915 2784 2002 2832 ex
2056 2762 2192 2827 hoc
2230 2781 2437 2825 numo

924 2871 1265 2935 discimus.
2375 2853 2380 2859 '

1668 2956 1701 2989 Ω

1486 3009 1519 3042 ο
1844 3003 1878 3038 ο
1986 3013 1989 3020 »

956 3103 965 3112 -
1227 3057 1320 3124 Vt
1356 3054 1449 3121 tie.
1496 3055 1589 3122 A.

921 3153 1286 3227 VENERI.
1328 3145 1759 3216 VICTRICI.
1794 3146 1863 3212 S.
1911 3143 1987 3212 C.
2046 3145 2443 3232 Venussemi.

921 3255 1094 3321 nuda
1107 3253 1288 3339 stans
1308 3250 1573 3336 adflatui
1599 3246 1808 3311 Marti
1844 3240 2269 3309 adblanditur.
2298 3243 2443 3306 AE.

928 3355 1010 3416 ll.
1082 3347 1254 3414 Idem
1287 3357 1473 3430 typus
1500 3393 1521 3426 ,
1543 3339 1659 3429 sed
1684 3341 1814 3427 fine
1856 3335 2222 3425 epigraphe.
2291 3338 2444 3402 ΑΕ.

925 3457 1113 3510 max.
1140 3445 1324 3508 mod.
1364 3438 1562 3518 (Mus.
1588 3435 1859 3499 Farnes.
1894 3448 1961 3498 et
1987 3431 2290 3514 Caesar.)

1022 3542 1343 3605 Furtivus
1400 3534 1674 3609 Martia,
1724 3531 2142 3612 Venerisque
2198 3548 2446 3609 amor,

930 3658 1129 3724 quem
1198 3633 1488 3698 Ovidius
1544 3639 1675 3694 toto
1736 3629 2092 3719 notiffinmm
2153 3624 2446 3710 fabulam

928 3734 1088 3798 coelo
1124 3728 1465 3813 appellat,
1521 3723 1582 3805 ⁸)
1636 3722 1830 3805 saepe
1872 3725 1940 3783 in
1992 3714 2296 3784 veterum
2342 3740 2447 3784 ar·

931 3824 1202 3889 refactis
1229 3868 1249 3898 ,
1300 3832 1367 3883 et
1410 3818 1621 3881 multa
1662 3819 2177 3888 cumsarietate
2219 3835 2449 3879 occur-

931 3921 1044 3984 rit.
1095 3918 1353 3982 Eadem
1392 3914 1643 3988 modo,
1696 3924 1770 3973 ut
1802 3913 1867 3972 in
1903 3930 2108 3973 numo
2146 3910 2454 3996 praesen·

933 4029 1045 4095 te,
1098 4010 1501 4098 proponitur
1535 4005 1731 4090 saepe
1780 4005 1847 4066 in
1907 4005 2097 4089 lignis
2151 4026 2445 4070 marmo-

935 4111 1117 4185 reis,
1169 4118 1237 4169 et
1268 4103 1554 4168 annulis.
1636 4101 1891 4177 Fuere,
1943 4102 2057 4183 qui
2094 4100 2202 4163 his
2255 4100 2447 4163 exhi·

934 4204 1079 4270 beri
1122 4216 1386 4287 turpem
1444 4194 1798 4260 Faustinae
1854 4215 2005 4258 cum
2067 4196 2446 4278 gladiatore

933 4295 1476 4366 consuetudinem
1515 4291 1875 4368 censerent,
1926 4291 2183 4353 inducti
2215 4291 2450 4369 credo,

2515 2484 2688 2546 niam
2730 2483 2964 2558 vicum,
3017 2486 3085 2545 in
3116 2504 3236 2567 quo
3279 2483 3435 2549 obiit
3489 2482 3777 2570 Faustina
3826 2477 4008 2558 (Fau-

2518 2575 2865 2661 stinopolis
2892 2578 3232 2641 nonnullis
3268 2580 3600 2655 creditur,
3652 2594 3844 2660 quam
3879 2589 4010 2656 pro·

2520 2672 2686 2733 dunt
2730 2672 3079 2736 itineraria
3126 2675 3381 2736 dietum
3425 2673 3650 2759 vulgo
3686 2665 4010 2739 Antonini,

2517 2765 3230 2848 Hierosolymitanum,
3282 2770 3766 2840 et·Hierocle8‚
3815 2763 4012 2844 etTy·

2520 2862 2669 2923 anis
2710 2860 3201 2946 Cappadociae
3252 2862 3698 2943 admovent.)
3742 2871 3797 2925 et
3837 2858 4014 2938 aedem

2356 2959 2363 2968 ’
2417 2977 2422 2982 ’
2517 2956 2605 3021 illa·
2637 2958 2942 3041 exstruxit
2959 3004 2979 3034 ‚
3011 2959 3127 3043 sed
3160 2958 3304 3024 haec
3348 2962 3569 3047 postea
3616 2959 3790 3026 aedes
3832 2955 4041 3021 flutio-
4157 2947 4158 2952 ¹

2514 3052 2756 3136 gabala
2786 3052 3068 3118 dedicata
3113 3057 3207 3143 ss.
3325 3056 3431 3117 De
3485 3058 3618 3122 hac
3670 3056 3832 3119 aede
3880 3048 4017 3114 vide

2521 3148 2720 3233 plura
2761 3149 2829 3209 in
2870 3147 3230 3214 Caracalla
3264 3151 3624 3235 Spartiani
3665 3151 3777 3215 sub
3822 3147 4019 3211 finem.

2520 3244 2717 3306 Alios
2740 3242 3036 3307 honores
3067 3247 3309 3309 recitat
3345 3240 3618 3330 Dio,⁶)
3667 3263 3900 3330 nempe
3919 3241 4015 3302 de·
4109 3307 4115 3316 .

2524 3351 2746 3404 cretas
2782 3359 2826 3401 a
2854 3338 3082 3403 senatu
3118 3339 3362 3404 statuas
3387 3343 3835 3429 argenteasin
3870 3351 4016 3401 tem-

2520 3436 2639 3522 plo
2673 3435 2951 3497 Veneris
2985 3449 3051 3500 et
3077 3438 3372 3513 Romae,
3425 3459 3651 3516 aram,
3701 3439 3791 3501 ad
3835 3447 4020 3518 quam

2520 3530 2817 3614 virgines
2852 3549 3125 3610 omnes,
3178 3550 3353 3614 quae
3379 3534 3718 3600 nuberent
3749 3535 3817 3597 in
3852 3526 4026 3602 urbe,

2524 3645 2661 3689 una
2699 3643 2851 3689 cum
2891 3626 3137 3709 sponfis
3205 3626 3670 3694 sacrificarent
3727 3642 3849 3693 etc.
3905 3620 4026 3685 Ad.

2526 3723 2653 3799 de,
2706 3723 2892 3804 quod
2925 3740 3010 3785 ex
3045 3727 3186 3804 ejus
3222 3742 3590 3788 numorum
3630 3725 3833 3811 copia
3863 3715 4029 3783 faci-

2525 3817 2588 3881 le
2631 3816 2986 3901 probatur,
3037 3816 3424 3903 percussam
3464 3840 3596 3905 per
3631 3822 3923 3903 reliquos
3963 3830 4028 3874 e·

2525 3914 2691 3975 tiam
2734 3912 2996 3974 Aurelii
3036 3933 3251 3978 annos
3289 3914 3494 3978 divae
3554 3914 3868 3979 Faufline
3920 3924 4027 3973 no·

2523 4009 2705 4069 mine
2746 4018 3116 4076 monetam.
3197 4010 3377 4072 Tam
3420 4010 3868 4074 immoderati
3919 4005 4033 4067 ho·

2524 4120 2725 4163 nores
2767 4102 2833 4163 in
2873 4102 3218 4166 mulierem
3251 4106 3733 4172 immerentem
3766 4094 4041 4187 congesti

2522 4195 2728 4259 facile
2763 4210 3082 4281 poterant
3123 4200 3341 4263 dicaci
3379 4200 3618 4266 Sileno
3661 4217 3937 4266 movere
3980 4202 4040 4255 et

2525 4288 2964 4372 stomachum,
3017 4307 3084 4357 et
3107 4295 3323 4362 risum.
3346 4301 3402 4374 θ)
3448 4297 3861 4383 Elegantem
3879 4294 4047 4356 ima-

897 4450 4067 4498 —-———-——-—————-———————-——q—————-————-

1002 4537 1066 4602 a)
1120 4534 1352 4586 Metam.
1389 4530 1492 4582 lV.
1534 4540 1650 4600 189.

933 4608 1006 4679 0)-
1026 4603 1241 4659 Iulian.
1269 4605 1335 4652 in
1364 4598 1553 4651 Caess.
1724 4613 1735 4618 ·

1876 4522 1943 4593 b),
1987 4523 2052 4576 L.
2086 4505 2301 4584 LXX-1.
2336 4528 2367 4598 S
2402 4544 2489 4597 30.

2709 4599 2716 4606 .
2750 4533 2812 4603 c).
2853 4535 2912 4586 in
2947 4531 3152 4598 Aur-el..
3177 4549 3227 4589 c.
3263 4537 3365 4592 26..
3621 4532 3694 4603 d)
3741 4531 3785 4598 l.
3820 4548 3871 4593 Φ.
3908 4528 3939 4602 S
3968 4538 4066 4595 3¹»

3245 4641 3294 4660 s
