4242 5459
1124 559 1206 648 Ρ.
1308 571 1902 656 HELVIVS
2003 580 2727 662 PERTINAX.
3352 615 3485 691 143

1076 768 1111 806 ⁸
1936 794 2044 851 tur
2064 835 2083 865 ,
2132 785 2237 851 vel
2263 785 2343 853 ab
2384 809 2561 872 opere
2585 835 2602 865 ‚
2645 809 2765 874 per
2801 788 2968 876 quod
2990 791 3254 875 fructus
3290 775 3452 881 fra.-

522 907 529 916 -
626 866 719 932 Vt
767 865 861 932 lit.
899 824 996 936 21.
1049 880 1109 936 et
1154 831 1289 938 Rs
1923 903 2161 969 ges-que
2213 886 2606 970 nascuntur„
2651 886 2834 949 Alibi
2893 888 3037 972 Ops
3083 892 3448 957 Macrobio

312 957 500 1026 ΟΡῙ.
546 961 835 1027 DIVIN.
881 965 946 1028 Τ
951 967 1026 1030 R.
1084 968 1156 1035 Ρ.
1207 967 1405 1036 COS.
1449 971 1532 1035 11.
1608 975 1848 1042 Mulier
1931 975 2208 1068 Corfinio
2237 981 2525 1055 dicitur,
2578 1000 2820 1065 nempe
2851 1003 2894 1046 a
2948 987 3325 1071 conserendo.
3378 988 3441 1073 e)

285 1059 524 1144 fidens
555 1060 618 1128 d.
642 1061 880 1147 spicas.
934 1065 1078 1127 AV.
1136 1068 1278 1129 AR.
1333 1067 1472 1132 ΑΕ.
1523 1069 1577 1138 Ι.
1635 1074 1667 1157 ζ
1675 1074 1842 1142 Mus.
1928 1073 2173 1139 Plauto
2225 1079 2354 1161 Ops
2382 1075 2666 1161 opulenta
2723 1078 2908 1141 Iovis
2963 1087 3183 1143 mater
3233 1081 3342 1151 est.
3392 1077 3447 1167 1)

308 1147 540 1236 Caes.)
1925 1170 2052 1233 His
2110 1175 2252 1255 jam
2326 1172 2699 1236 observatis
2750 1172 2955 1239 facile
3018 1179 3445 1263 explicantur

413 1252 730 1317 Vidimus
757 1255 827 1316 in
864 1259 1207 1322 Antonino
1242 1261 1333 1323 ad
1365 1281 1611 1327 annum
1652 1270 1733 1332 V.
1759 1266 1836 1331 C.
1923 1268 2074 1352 typi
2098 1269 2166 1331 in
2204 1271 2424 1332 numis
2456 1282 2595 1332 tam
2637 1273 3002 1350 Antonini,
3056 1283 3258 1357 quam
3286 1277 3444 1339 Per’-

313 1360 458 1429 393
498 1368 779 1411 numum
812 1400 833 1432 ,
884 1353 954 1414 in
997 1372 1134 1438 quo
1177 1358 1585 1442 epigraphe:
1625 1362 1836 1448 ιΟΡῙ.
1920 1365 2168 1428 tinacis
2207 1365 2536 1451 inscriptis
2577 1365 2748 1429 ΟΡῙ.
2802 1367 2886 1430 In⁴
2914 1371 3251 1454 prioribus
3299 1393 3441 1462 mu-

308 1441 575 1521 AVG„
642 1456 710 1508 et
760 1458 966 1533 typus
1003 1473 1020 1512 ε
1093 1452 1332 1518 Mulier
1353 1456 1571 1541 J'edens
1620 1458 1682 1523 d.
1717 1458 1837 1524 ha·
1921 1458 2048 1522 lier
2094 1462 2324 1524 sedens
2372 1482 2644 1524 manum
2679 1464 2888 1548 capiti
2923 1466 3267 1550 applicat,
3321 1490 3439 1533 no-

284 1540 506 1626 stum,
536 1540 597 1627 s.
647 1545 842 1627 capiti
887 1545 1161 1611 admota.
1238 1548 1408 1633 Opis
1460 1553 1671 1617 sensus
1716 1557 1838 1618 du·
1919 1566 1996 1618 ta
2024 1556 2418 1620 Securitatis
2454 1560 2789 1643 imagine,
2856 1580 3062 1643 quam
3114 1582 3279 1646 opes
3320 1585 3445 1650 pa-

306 1635 503 1717 plex.
581 1636 829 1700 Potest‘¹
859 1643 1148 1724 primum
1203 1645 1481 1733 intelligi
1538 1654 1668 1736 Ops
1718 1669 1834 1714 no·
1921 1654 2136 1726 riuut;
2189 1653 2258 1715 in
2291 1654 2520 1716 alteris
2547 1652 2788 1716 mulier
2820 1655 3035 1740 spicas
3069 1669 3288 1736 tenet,
3346 1664 3441 1725 ni·

302 1743 387 1792 ta
442 1729 710 1795 Saturni
762 1739 1012 1818 conjux
1047 1785 1066 1816 ,
1158 1743 1339 1822 cujus
1399 1746 1662 1812 Romae
1731 1746 1831 1810 fu·
1919 1750 2163 1812 mirum
2194 1751 2346 1834 Opis
2374 1761 2740 1833 proventus
2776 1771 2936 1814 vere
2971 1752 3238 1833 divinos,
3273 1777 3437 1840 quo-

300 1814 425 1889 i‘ss'e
477 1829 806 1913 templum
863 1832 930 1894 in
1000 1837 1275 1919 regione
1329 1843 1508 1908 VIII.
1560 1843 1833 1909 testatur
1916 1865 2066 1908 rum
2108 1845 2522 1933 peculiarem
2592 1866 2824 1910 curam
2874 1846 3174 1914 habuisse
3227 1853 3436 1918 Perti-

296 1923 587 1988 Victot:
640 1924 844 1994 Aedis
880 1929 1033 2012 opis
1061 1940 1120 1995 et
1166 1933 1438 2001 Saturni
1475 1941 1542 2003 in
1574 1944 1706 2007 υἱεο
1723 1944 1830 2008 In·
1916 1943 2527 2020 nacem,continuo
2551 1943 2783 2006 videre
2807 1943 3059 2011 licebit.
3114 1947 3281 2011 Cum
3303 1949 3436 2013 hoc

297 2021 548 2103 gorio,
598 2024 786 2104 cujus
821 2023 1015 2109 saepe
1053 2033 1359 2096 meminit
1387 2033 1629 2100 Cicero
1666 2059 1831 2123 quo·
1914 2058 2121 2102 numo
2149 2050 2306 2122 apte
2325 2039 2661 2123 jungimus
2682 2038 3202 2125 inscriptionem,
3228 2059 3436 2131 q'uam

304 2135 489 2198 que,
541 2134 697 2179 cum
745 2119 1084 2207 direptum
1117 2125 1208 2188 ab
1256 2131 1556 2194 Antonio
1606 2153 1693 2195 ex
1746 2155 1833 2200 ea
1913 2135 2227 2220 v'ulgavit
2286 2131 2650 2198 Gruterus:
2703 2131 2768 2216 g)

300 2211 487 2274 aede
544 2210 787 2296 septies
832 2217 1076 2280 millies
1148 2221 1280 2286 IIS.
1350 2230 1828 2311 conqueritur,

302 2308 498 2389 quod
543 2307 641 2370 ibi
717 2329 761 2372 a
801 2310 923 2375 Iul.
960 2311 1245 2381 Caesare
1280 2320 1347 2382 in
1385 2322 1532 2384 usus
1573 2325 1828 2409 cogita·
1963 2323 2141 2387 ΟΡῙ.
2190 2323 2598 2389 DIVINAE.
2649 2326 2796 2392 ET.
2839 2327 3369 2397 FORTVNAE.
3404 2341 3412 2350 ’

298 2403 358 2466 ti
392 2400 563 2465 belli
599 2403 902 2470 Parthici
938 2408 1286 2494 sepositum
1333 2414 1487 2483 fuit.
1538 2425 1595 2484 ⁸)
1665 2421 1825 2503 Ejus
2200 2417 2830 2486 PRIMIGENIAE.
2884 2423 3136 2489 SACR.

292 2499 617 2576 meminit
645 2521 916 2586 quoque
936 2525 1236 2572 marmor
1255 2504 1635 2597 Gruterizb)
1674 2516 1823 2579 Lo.
2177 2515 2364 2578 IMP.
2409 2513 2791 2584 CAESAR.
2840 2519 3160 2586 HELVII

294 2592 493 2658 CVS.
536 2596 1136 2667 ADSIGNATVS.
1162 2606 1402 2673 AEDI.
1436 2609 1655 2674 OPIS.
1684 2613 1823 2679 ET.
2155 2610 2718 2688 PERTINACIS.
2785 2615 3189 2681 AVGVSTI

297 2689 731 2756 SATVRNI.
785 2694 1005 2758 Potest
1048 2701 1291 2766 deinde
1335 2704 1503 2790 Opis
1551 2711 1822 2774 nomine
2486 2709 2571 2771 V·
2621 2708 2710 2774 D·
2764 2710 2852 2777 D·

291 2785 590 2873 intelligi
645 2791 948 2853 omnium
1015 2816 1236 2859 rerum
1313 2806 1553 2889 copia,
1641 2827 1821 2890 quae

293 2880 622 2961 beatam,
673 2884 973 2951 securam
1006 2938 1025 2968 ,
1096 2904 1163 2956 et
1223 2901 1658 2966 commodam
1718 2904 1818 2967 vi·
1901 2902 2242 2968 Addenda
2281 2914 2348 2967 et
2379 2902 2596 2968 altera
2651 2925 2734 2967 ex
2781 2905 3199 2974 Kalendario
3246 2931 3423 2977 mar-

293 2990 448 3040 tam
480 2977 725 3060 efficit,
778 3002 913 3065 qua
949 3001 1127 3051 certe
1165 2983 1321 3054 non'
1346 2992 1629 3075 fruitur,
1700 3000 1817 3082 qui
1901 3009 2141 3064 moreo
2184 3000 2648 3076 Amiternino,
2731 3003 2801 3064 iu
2854 3015 2988 3085 quo
3044 3003 3126 3070 sic
3179 3008 3422 3095 legitur

286 3079 491 3157 inops
526 3073 632 3138 est.
675 3082 899 3163 Atque
940 3084 1004 3144 in
1044 3084 1177 3149 hoc
1211 3105 1480 3172 quoque
1513 3094 1689 3158 sensu
1725 3096 1813 3159 O·
1902 3097 1992 3161 ad
2036 3097 2152 3161 IV.
2183 3097 2334 3159 idus
2378 3100 2547 3179 Aug.
2597 3096 2926 3161 FERIAE
2974 3100 3231 3183 QVOD
3293 3106 3415 3168 EO

292 3188 471 3253 pem
518 3169 771 3237 Romae
819 3175 1120 3244 habuiss'e
1160 3185 1486 3271 templum
1545 3189 1817 3276 testatur
1890 3192 2058 3256 DIE
2094 3191 2338 3254 ARAE
2380 3189 2711 3256 CERERI
2763 3195 3067 3260 MATRI
3105 3200 3225 3263 ET
3263 3201 3420 3265 01²1

291 3262 582 3341 cicero,
633 3267 700 3354 e)
752 3275 1027 3356 ejusque
1071 3277 1270 3363 ipsius
1303 3282 1573 3347 videtur
1625 3285 1814 3352 fuiss'e
1898 3283 2392 3353 AVGVSTAE
2458 3287 2581 3348 EX
2634 3289 2890 3353 VOTO
2950 3291 3414 3359 SVSCEPTO

293 3380 429 3425 ara
451 3407 472 3438 ,
529 3382 735 3446 quam
767 3368 836 3430 iu
871 3371 1145 3455 regione
1199 3375 1361 3440 item
1395 3379 1581 3444 VIII.
1641 3383 1811 3468 posi·
1899 3379 2550 3448 CONSTITVTAE
2586 3383 2826 3446 SVNT
2860 3383 3259 3453 CRETICO
3291 3391 3415 3453 ET

283 3471 436 3520 tam
476 3457 568 3521 fic
614 3460 927 3528 describit
972 3468 1241 3534 Victor:
1298 3476 1539 3557 Opiset
1571 3478 1812 3545 Cereris
1895 3475 2174 3543 LONG.
2210 3476 2400 3543 COS.
2455 3498 2631 3563 quae
2670 3477 2759 3540 est
2805 3493 2972 3542 nota
3006 3484 3163 3546 anni
3198 3485 3278 3545 V.
3331 3484 3410 3547 C.

280 3574 425 3619 cnm
449 3555 643 3643 figno
698 3558 1080 3644 Vortumni,
1145 3571 1468 3650 quoniam
1532 3576 1806 3659 copula·
1899 3574 2298 3659 760.Atque
2319 3574 2407 3637 ad
2429 3573 2712 3636 eundem
2733 3574 3410 3642 diemKalendarium

284 3663 399 3712 tur
452 3670 610 3713 cum
672 3652 956 3737 Cerere,
1028 3666 1212 3746 cujus
1263 3681 1629 3749 proventus
1690 3692 1803 3736 ve·
1894 3671 2470 3755 Capranicorum:
2545 3668 2601 3730 F
2606 3667 2870 3731 ERIAE
2932 3669 3168 3735 ARAE
3207 3672 3408 3739 OPIS

278 3765 399 3809 ras
419 3744 719 3812 hominis
741 3770 908 3837 opes
927 3756 1345 3825 constituunt.
1367 3763 1800 3849 Quanquam,
1887 3768 2011 3829 ET
2034 3764 2409 3829 CERERIS
2432 3765 2526 3827 IN
2553 3761 2765 3828 VICO
2789 3763 3171 3833 IVGARIO
3191 3767 3405 3835 CON-

276 3835 337 3903 fi'
377 3843 821 3910 Macrobium
855 3853 1205 3931 audimuS,
1255 3848 1318 3937 d)
1372 3861 1515 3944 Ops
1549 3864 1617 3925 in
1674 3883 1799 3950 po·
1884 3860 2349 3927 STITVTAE
2380 3860 2639 3928 SVNT.

276 3934 565 4001 ster-iore
597 3940 775 4006 sensu
823 3962 1109 4034 accepta
1144 3954 1393 4017 nonnisi
1432 3960 1675 4043 prioris
1711 3958 1802 4023 est
2451 4008 2484 4040 s
2632 3953 2663 3986 ⁸

271 4031 604 4111 effectus:
669 4058 828 4104 nam
887 4045 1020 4108 ait:
1095 4047 1443 4116 Saturnum
1494 4065 1556 4119 et
1608 4060 1799 4142 Opem
2183 4054 2278 4122 Vt
2311 4052 2405 4119 lit·
2444 4053 2532 4119 A·

262 4143 413 4201 fiam
462 4130 781 4217 frugum.
850 4159 1036 4227 qnam
1083 4143 1416 4227 fructuum
1446 4163 1798 4236 repertores
1879 4151 2089 4219 PON.
2131 4152 2226 4214 M.
2271 4152 2420 4219 TR.
2459 4152 2530 4217 P.
2570 4147 2760 4213 COS.
2794 4147 2879 4217 Π.
2919 4157 2985 4223 S.
3037 4157 3114 4222 C.
3169 4160 3408 4224 Mulier.

264 4222 382 4315 effe
418 4229 689 4295 creditos
711 4279 730 4307 ‚
784 4270 813 4283 -
843 4273 866 4286 ·
895 4276 927 4289 -
974 4248 1036 4301 et
1055 4249 1292 4304 terram
1319 4242 1547 4312 dictam
1580 4252 1791 4336 Opem,
1860 4248 2080 4336 sedem·
2106 4248 2169 4314 d.
2189 4248 2418 4334 spicas,
2469 4247 2605 4311 AE·
2640 4246 2730 4320 ‹11-
2786 4246 2989 4332 (Mus.
3033 4249 3246 4332 Caes.)

260 4325 459 4408 eujus
485 4345 594 4408 ope
631 4327 938 4396 humanae
965 4337 1132 4399 vitae
1159 4338 1447 4407 alimenta
1485 4365 1792 4430 quaerun-
2177 4345 2249 4412 V
2242 4356 2269 4410 t
2303 4345 2396 4409 lit·
2441 4344 2514 4409 A
2517 4392 2534 4408 ·

340 4535 409 4588 a}
448 4530 539 4592 Ad
576 4536 741 4596 Attio.
781 4539 845 4598 L.
888 4499 1057 4604 XIV,
1095 4563 1188 4618 ep,
1232 4564 1312 4614 14.
1352 4551 1418 4603 L.
1458 4553 1619 4612 XVI.
1655 4572 1745 4627 ep.
1790 4571 1871 4619 14.
1909 4568 1963 4610 et
1998 4561 2058 4611 in
2092 4558 2413 4631 Philippicis
2448 4559 2668 4630 passim.
2830 4557 2887 4619 b)
2923 4556 3058 4625 Pag.
3092 4557 3309 4610 XXVI·
3339 4572 3393 4641 33,-

269 4607 335 4658 c)
374 4599 457 4654 de
496 4600 624 4654 Nat.
663 4599 816 4667 deor,
853 4610 922 4671 L,
959 4612 1035 4669 11.
1078 4631 1162 4683 ²3·
1379 4619 1436 4682 d)
1478 4621 1695 4682 Satura.
1732 4625 1799 4679 L.
1835 4627 1882 4679 1.
1922 4645 1972 4691 c,
2013 4645 2096 4684 ιο.
2302 4629 2354 4694 e)
2388 4627 2606 4682 Ibidem
2644 4624 2711 4684 L.
2747 4629 2852 4682 ΠΙ·
2889 4643 2937 4685 ⁰·
2972 4642 3024 4695 9·
3232 4624 3275 4692 f)
3315 4626 3403 4674 ω’

274 4669 427 4724 Ress.
470 4674 591 4727 Act.
626 4673 702 4730 Π.
740 4675 811 4738 sc,
848 4680 894 4731 Ι.
934 4699 989 4742 v,
1023 4698 1111 4756 39,
1303 4690 1361 4759 g)
1397 4688 1530 4761 Pag·
1565 4692 1783 4750 XXVI.
1819 4708 1873 4759 4·

1917 4829 1951 4844 n·
1988 4803 2009 4850 3
