4242 5459
1242 517 2077 605 PEscEvas
2177 518 2620 598 mGER.
2905 489 2910 500 '
2963 499 2970 504 ’
3359 539 3486 607 «⁶1

358 735 491 826 qui
524 732 727 815 huius
762 724 1111 818 potestatis
1148 728 1489 793 mentione
1510 726 1579 789 in
1617 737 1900 790 moneta
1978 743 2109 812 pra
2126 721 2457 810 descripti,
2483 717 2843 786 inscribere
2886 721 3505 799 AHMAPXIKHC.

368 829 733 907 abstinuit,
785 830 972 908 cujus
1012 846 1139 912 ego
1175 825 1385 898 aliam
1437 822 1707 887 caulam
1763 840 1901 886 non
1981 820 2442 896 ΕΞΟΤΕΙΑΕ,
2516 819 2854 883 tribunicia
2922 824 3249 908 potestate,
3321 827 3512 906 quod
3611 819 3616 823 ’

365 929 672 1014 reperio,
724 943 928 1010 quam
962 925 1149 1005 quod
1185 940 1269 984 ea
1298 941 1342 985 a
1373 919 1602 983 senatu
1643 915 1907 982 solebat
1983 930 2214 982 tamen
2237 917 2455 979 iudea
2482 915 2811 997 Trajano,
2864 928 2930 980 et
2951 918 3270 1002 deinceps
3298 924 3520 984 omni·

369 1022 722 1098 conferri,
773 1021 884 1082 hic
921 1038 1086 1082 vero
1125 1018 1411 1103 primum
1439 1034 1564 1099 per
1605 1014 1904 1089 Iuliani,
1986 1013 2113 1078 bus
2145 1011 2670 1076 tetradrachmis
2721 1011 3142 1097 inscripsere,
3194 1012 3516 1098 suffecta,

372 1120 631 1186 deinde
666 1117 904 1181 Severi
923 1127 1174 1177 metum
1215 1107 1526 1176 conferre
1573 1131 1728 1175 eam
1766 1107 1904 1173 non
1990 1111 2173 1196 quod
2206 1127 2550 1192 nunquam
2581 1108 2757 1170 alias
2778 1105 3063 1191 factum,
3115 1111 3515 1199 epigraphe:

368 1217 626 1305 potuit.
680 1209 836 1276 Post
887 1212 1071 1296 quod
1104 1208 1492 1292 exemplum
1534 1226 1751 1291 neque
1774 1209 1905 1268 An·
1985 1205 2411 1275 nPONOIA.
2451 1203 2738 1273 ΘΕωΝ.

372 1311 685 1378 tiocheni
714 1306 851 1375 auli
885 1307 1032 1373 sunt
1069 1310 1208 1392 ejus
1239 1323 1450 1371 numo
1470 1351 1496 1390 ,
1549 1322 1752 1388 quem
1806 1300 1907 1366 su·

1675 1591 1892 1661 PRE
1912 1592 2030 1661 TI
2049 1588 2237 1660 VM.

375 1779 730 1869 Commentis
779 1787 1089 1855 Romani.-

522 1905 531 1912 ·
580 1892 896 1965 Aureus,
949 1886 1034 1949 de
1067 1902 1205 1969 quo
1237 1882 1436 1980 supra
1481 1885 1551 1948 in
1581 1879 2125 1951 CONCORDIA
2249 1922 2277 1936 -
2474 1881 2520 1940 -'
2698 1923 2725 1938 -
2923 1923 2948 1938 -
3141 1887 3423 1963 Vnicus.

590 1982 918 2067 Argentei
3128 1984 3340 2055 RRR.

589 2078 807 2142 Aenei
860 2080 1311 2162 cujuscunque
1359 2076 1630 2142 formae
1824 2115 1850 2129 ·
2022 2113 2050 2127 -
2243 2109 2270 2126 -
2465 2112 2490 2127 ·
2689 2111 2712 2127 -
2908 2114 2932 2127 ·-
3131 2080 3218 2143 Ο.

379 2176 731 2244 &mutatis
771 2177 1094 2259 peregrini
1122 2199 1146 2239 .-
2623 2245 2634 2256 ,

582 2270 879 2338 Vrbium
926 2269 1335 2366 liberarum,
1387 2281 1455 2334 et
1487 2267 1914 2334 coloniarum
2009 2302 2047 2318 -
2239 2303 2267 2318 -
2457 2304 2488 2320 ·
2685 2302 2711 2320 -
2907 2307 2936 2325 -
3128 2270 3406 2344 RRRR.

1366 2558 1876 2631 CLODIVS
1981 2557 2546 2627 ALBINVS.

486 2739 581 2819 D.
624 2749 909 2821 Clodius
946 2752 1313 2843 Septimius
1336 2753 1621 2817 Albinus
1656 2756 1924 2821 Hadru.
2002 2754 2177 2819 rium
2204 2767 2440 2820 contra
2478 2752 2813 2820 Iulianum
2851 2756 3372 2825 nundinatorem
3402 2783 3523 2829 vo.

384 2854 690 2919 metinus
752 2874 841 2917 ex
910 2851 1147 2916 Africa
1213 2850 1484 2914 familia
1542 2852 1799 2931 nobili,
1866 2859 1924 2931 ⁸)
2007 2864 2281 2931 carent,
2335 2852 2621 2926 Albinus
2659 2874 2704 2916 a
2745 2851 2874 2917 suis
2894 2850 3327 2933 (Britanniae
3380 2857 3525 2926 tuni

390 2969 614 3034 quam
649 2950 1036 3039 derivatam
1074 2947 1300 3012 ferunt
1344 2967 1386 3010 a
1422 2945 1816 3032 Ροίὶυιῃίἰε,
1861 2962 1929 3013 et
2003 2943 2357 3035 praeerat)
2407 2950 2782 3035 imperator
2828 2947 2918 3013 est
2953 2953 3242 3036 agnitus}
3298 2960 3388 3019 At
3409 2957 3523 3021 Se·

388 3043 673 3112 Albinia
708 3047 1218 3123 Romanorum,
1255 3033 1322 3134 b)
1376 3056 1708 3128 natusque
1732 3058 1927 3130 patre
2005 3066 2207 3110 verus
2240 3044 2490 3108 bellum
2553 3047 2622 3108 in
2663 3045 2998 3110 Iulianum
3022 3094 3043 3126 ,
3096 3061 3168 3112 et
3202 3050 3387 3116 urbis
3414 3073 3525 3118 ca-

397 3139 697 3217 cejonio
726 3137 1089 3221 Postumo,
1150 3153 1369 3203 matre
1423 3143 1701 3204 Aurelia
1748 3141 1924 3205 Mes-
2005 3142 2297 3227 piendae
2353 3140 2697 3205 consilium
2759 3144 2991 3207 animo
3045 3147 3357 3226 versane,
3437 3169 3527 3215 ne

394 3236 642 3303 salina.
695 3243 745 3319 ο)
848 3244 907 3303 Δ
962 3239 1061 3303 M.
1100 3236 1428 3313 Aurelio,
1499 3239 1607 3299 cui
1647 3251 1926 3322 propter
2007 3239 2158 3320 quis
2191 3236 2309 3298 fibi
2339 3236 2429 3300 ab
2478 3238 2725 3301 Albino
2764 3251 2981 3303 metus
3031 3240 3227 3322 ell'et,
3284 3242 3527 3309 Caesa·

386 3333 656 3412 fidem,
710 3348 778 3399 et
820 3334 1097 3399 laudem
1138 3332 1455 3398 bellicam
1507 3352 1705 3396 carus
1750 3332 1924 3415 fuit,
2005 3352 2148 3395 rem
2183 3351 2336 3395 eum
2377 3353 2499 3419 per
2528 3334 2763 3396 literas
2806 3333 3164 3414 salutavit,
3214 3357 3351 3420 quo
3397 3340 3522 3404 be-

314 3471 357 3483 -
387 3431 517 3499 ad
550 3432 952 3516 dignitates,
1012 3443 1079 3493 et
1120 3428 1537 3493 consulatum
1576 3426 1923 3492 suffectum
2004 3426 2437 3494 nevolentiae
2502 3425 2882 3492 testimonio
2940 3430 3053 3493 etii
3108 3429 3344 3496 fucato
3383 3479 3405 3510 ‚
3457 3447 3528 3501 et

384 3539 767 3618 promotus
806 3525 912 3592 est.
946 3516 1010 3608 ὅ)
1064 3524 1451 3590 Commodo
1499 3543 1711 3607 usque
1744 3526 1922 3589 adeo
2003 3544 2129 3610 per
2173 3538 2430 3588 metum
2484 3535 2756 3587 extorto
2818 3524 2919 3587 ita
2987 3523 3106 3586 libi
3178 3525 3527 3596 hominem

384 3622 741 3715 gratiosus
781 3623 932 3701 fuit,
987 3634 1060 3685 ut
1094 3643 1245 3685 eum
1280 3622 1457 3685 datis
1490 3621 1724 3698 literis,
1757 3639 1926 3705 quas
2011 3622 2360 3684 credulum
2391 3621 2738 3696 devinxit,
2790 3630 2864 3681 ut
2909 3618 3234 3684 hactenus
3288 3623 3356 3686 in
3399 3625 3528 3689 ob-

384 3720 837 3789 conservavit
876 3718 1331 3803 Capitolinus,
1383 3718 1475 3782 ad
1518 3718 1926 3802 capiendum
2010 3716 2238 3801 requio
2272 3729 2340 3782 et
2374 3716 2508 3781 fide
2534 3715 2850 3781 adversus
2869 3715 3195 3786 Severum
3231 3719 3529 3807 perfiste-
3571 3747 3602 3768 ·

384 3817 721 3886 Caesaris
754 3816 1025 3880 titulum
1059 3815 1405 3892 invitaret,
1459 3833 1659 3899 quem
1697 3827 1929 3879 tamen
2008 3824 2136 3877 ret.
2178 3801 2236 3897 ἶ)

375 3920 453 3983 53
470 3915 844 3992 honorem,
897 3932 1046 3976 cum
1067 3910 1433 3976 Commodi
1455 3912 1708 3974 exitum
1733 3930 1927 3996 prae·

374 4012 678 4079 videret
714 4013 942 4073 animo
969 4055 989 4087 ‚
1043 4021 1240 4072 caute
1281 4009 1688 4071 detrectavit
1725 4009 1784 4092 e)
1826 4008 1930 4072 In·
2344 3967 2430 4035 V·
2483 3967 2549 4033 C·
2596 3971 2774 4054 94⁶·'
2802 3970 2883 4035 P·
2923 3970 3008 4036 X·
3047 3992 3182 4055 ¹93·

370 4106 698 4177 tei-fecto
732 4106 1086 4169 Pertinace
1123 4124 1277 4168 cum
1315 4102 1594 4189 Nigrum
1631 4104 1930 4189 legiones
2277 4059 2661 4132 CAESAR·
2701 4066 2881 4133 COS·
2917 4066 2987 4133 D
2988 4069 3121 4133 ΕΣ·
3163 4070 3261 4138 ll·

367 4204 694 4294 Syriae,
739 4201 1063 4266 Severum
1126 4201 1520 4264 Pannoniae
1571 4202 1663 4264 ad
1709 4201 1932 4287 impe·
2111 4197 2402 4264 Severus
2443 4199 2639 4264 caeso
2678 4200 2942 4267 Iuliano
2976 4216 3044 4267 et
3071 4206 3296 4272 Roma
3323 4223 3534 4298 capta
3633 4194 3639 4201 ⁸

453 4443 537 4507 a)
580 4439 886 4559 Calpitolin.
924 4457 970 4494 c.
1014 4458 1058 4492 ι.
1291 4437 1350 4508 b)
1383 4437 1531 4497 lbid.
1561 4456 1607 4495 ο.
1640 4451 1703 4505 4..
1892 4483 1902 4492 .
1944 4439 1997 4506 e)
2031 4437 2182 4504 [bid.
2425 4437 2490 4512 d)
2527 4437 2672 4498 ibid.
2707 4456 2757 4497 ο.
2795 4458 2879 4502 ιο.
3120 4446 3181 4514 ο)
3211 4443 3357 4501 Ibid.
3395 4462 3442 4502 c.
3479 4460 3532 4499 ι.

362 4517 421 4590 ε)
470 4510 611 4566 1250
699 4544 713 4559 .
753 4509 1020 4565 Lxxlu.
1057 4508 1091 4580 5
1133 4524 1213 4579 15.

495 4584 708 4676 (rot.
744 4584 959 4671 1⁷11.)
2053 4569 2067 4584 ’
3090 4585 3155 4656 x
