4242 5459
865 594 1000 669 152
1777 557 2613 642 PEscEvas
2685 557 3210 643 NIGER(

2156 867 2293 937 PR
2311 871 2376 936 E
2393 867 2509 936 TI
2527 865 2599 935 V
2612 863 2707 933 M.

864 971 1209 1042 'Commat‘as
1256 962 1566 1032 Romani.-

1062 1066 1274 1142 Aurei
1376 1098 1404 1111 -
1578 1092 1608 1115 ο
1799 1067 1834 1108 :
2255 1098 2282 1114 ·
2482 1097 2509 1115 ο
2711 1098 2734 1113 -
2933 1069 2967 1114 2·
3152 1063 3188 1109 ·:
3375 1059 3413 1106 2·
3497 1061 3504 1068 “
3604 1054 3890 1127 mmm
3975 1109 3982 1120 ,

1058 1159 1382 1248 Argentei
1576 1189 1601 1204 ·
1796 1169 1833 1207 '-
2253 1192 2281 1207 -
2359 1179 2366 1184 ’
2477 1175 2512 1234 ξε,
2710 1190 2734 1205 ·
2935 1195 2963 1210 ·
3162 1192 3188 1208 ··
3381 1189 3409 1207 «-
3607 1156 3820 1220 RRR.

1043 1260 1277 1326 :aenei
1327 1255 1381 1321 Ι.
1432 1252 1700 1318 formae
1798 1287 1826 1303 -
2020 1291 2055 1308 -
2478 1288 2505 1304 ·
2705 1290 2732 1305 -
2931 1289 2957 1306 ο
3158 1289 3183 1303 -
3380 1289 3411 1307 -
3607 1253 3757 1316 RR.

1059 1357 1276 1425 Aenei
1342 1351 1428 1417 11.
1501 1348 1767 1415 formae
2035 1385 2068 1404 -
3595 1345 3880 1414 RRRR.

1067 1452 1287 1519 Aenei
1335 1449 1426 1512 Il.
1462 1460 1531 1511 et
1580 1447 1700 1511 111.
1749 1444 2016 1510 formae
3377 1479 3418 1498 ..
3599 1444 3688 1511 0,

866 1555 1211 1627 'commatis
1251 1545 1575 1634 peregrim·
1605 1565 1623 1606 ε

1067 1647 1523 1735 Cypriorum,
1573 1642 1618 1707 fi
1662 1641 2033 1731 genuinus,
2083 1651 2161 1704 ut
2208 1639 2357 1706 dixi
3611 1637 3896 1708 veiens.

1833 1915 2582 2003 PESCENNJV'S
2670 1934 3070 2006 NIGER.

971 2133 1052 2202 C.
1097 2129 1439 2197 Pescennii
1478 2129 1670 2215 Nigri
1707 2148 1869 2216 gens
1933 2131 2207 2214 Aquino
2258 2134 2390 2196 ori·
2471 2135 2541 2196 et
2571 2117 2791 2196 Tauri
2844 2128 3161 2218 angustiis
3202 2124 3534 2216 praesidio
3568 2122 3848 2189 munitis
3879 2125 4005 2187 Ae-

873 2236 1108 2310 unda,
1160 2234 1344 2314 cujus
1383 2239 1761 2293 curatorem
1810 2247 1979 2294 avus
2018 2228 2174 2313 egit.
2247 2229 2394 2315 Ipse
2475 2231 2827 2294 milianum
2868 2251 3020 2294 cum
3088 2229 3387 2292 exercitu
3441 2221 3818 2309 praemisit,
3901 2219 4006 2282 sed

872 2326 1272 2419 parentibus
1311 2326 1598 2389 modicis
1636 2336 1873 2403 natus»,
1926 2335 2121 2408 patre
2167 2328 2394 2390 Annio
2478 2328 2611 2391 hoc
2652 2328 2742 2391 ad
2775 2327 3102 2411 Cyzicum
3130 2327 3313 2387 victo
3352 2322 3684 2403 caesoque
3715 2318 4007 2381 alteram

850 2429 1131 2510 Fusco,
1186 2437 1405 2489 matre
1437 2421 1863 2506 Lampridia.
1896 2420 1956 2504 ²)
2007 2419 2159 2484 Post
2201 2425 2402 2486 varia

854 2520 1167 2590 'militiae
1206 2521 1439 2584 munia
1469 2539 1619 2582 cum
1645 2517 1847 2581 laude
1884 2517 2077 2579 obita
2112 2538 2159 2581 a
2200 2517 2399 2583 Com-

875 2623 1093 2686 modo
1158 2619 1544 2700 declaratus
1599 2613 1826 2677 consul
1866 2602 1921 2690 b)
1975 2632 2058 2675 ac
2108 2614 2402 2700 denique

880 2716 1208 2782 exercitui
1231 2714 1518 2797 Syriaco
1545 2708 1962 2794 praepositus
1990 2705 2180 2788 est20)
2233 2709 2403 2772 Cae.

877 2815 950 2877 so
1012 2833 1057 2874 a
1105 2809 1432 2873 militibus
1484 2806 1884 2880 Pertinace,
1957 2805 2404 2889 cognitoque,

874 2907 1262 2980 Iulianum,
1317 2903 1504 2984 quod
1566 2921 1688 2984 per
1748 2898 2204 2963 execrabilem
2270 2923 2400 2964 em·

878 3003 1187 3090 ptionem
1218 2998 1676 3082 principatum
1705 2997 2085 3080 arripuerat
2104 3044 2124 3074 ,
2192 2999 2404 3061 omni·

879 3098 1010 3162 bus
1046 3095 1278 3182 palam
1323 3093 1660 3156 redditum
1694 3092 1974 3155 invisum
2003 3138 2023 3170 ,
2088 3113 2226 3157 non
2286 3097 2405 3158 du·

882 3193 1133 3260 bitavit
1198 3191 1503 3255 oblatum
1559 3187 1689 3277 libi·
1736 3211 1780 3253 a
1827 3189 2211 3275 legionibus
2278 3193 2405 3256 suis

881 3290 1241 3377 imperium
1286 3306 1650 3373 occupare.
1677 3277 1740 3367 ιι)
1791 3286 1876 3350 Et
1910 3288 2407 3353 tenuittetillud

882 3391 1152 3475 quiete,
1202 3386 1248 3450 fi
1296 3404 1417 3471 per
1463 3383 1791 3469 populum
1853 3384 2240 3448 Romanum
2285 3386 2411 3449 lie..

880 3486 1095 3564 tiss'et,
1149 3486 1261 3568 qui
1299 3481 1565 3545 Iuliano
1609 3500 1843 3544 coram
1897 3500 2030 3543 non
2066 3482 2412 3549 dubitavit

881 3584 1149 3648 sublato
1211 3581 1509 3646 clamore
1560 3579 1839 3664 Nigrum
1874 3577 1992 3640 {ibi
2029 3581 2406 3666 principem

884 3691 960 3742 et
1010 3678 1370 3764 Augufl'um
1432 3675 1817 3760 deposcere.
1857 3673 1921 3757 ε)
2008 3676 2126 3738 Eo·
2171 3678 2411 3761 populi

882 3773 1162 3838 adfectu
1208 3774 1468 3855 segnior
1506 3772 1715 3833 otiose
1752 3771 1887 3855 ipse
1920 3771 2217 3836 defidere
2263 3784 2404 3838 An.

882 3866 1190 3930 tiochiae
1216 3914 1236 3944 ,
1290 3868 1509 3927 donec
1546 3866 1808 3927 caesum
1856 3867 2228 3949 lulianum,
2270 3873 2406 3935 Ro-

884 3983 1210 4047 mamque
1240 3961 1473 4023 teneri‘
1508 3981 1551 4021 a
1596 3961 1894 4038 Severo,
1961 3979 2167 4049 atque
2230 3968 2408 4032 hunc

885 4057 1141 4125 bellum
1166 4057 1520 4120 adversum
1543 4055 1604 4119 se
1634 4078 1877 4141 parare
1914 4064 2201 4128 audivit.
2223 4066 2406 4127 Tum

885 4176 1056 4222 vero
1104 4143 1419 4218 omnibus
1458 4156 1545 4216 ad
1586 4153 2000 4217 reiistendum
2036 4179 2403 4243 praepara-

878 4256 1019 4332 tis,
1071 4251 1449 4335 Byzantio,
1502 4249 1787 4333 aliisque
1846 4251 2040 4334 Aliae
2100 4254 2401 4333 urbibus,

955 4492 1017 4550 a)
1056 4490 1333 4558 spartian.

880 4563 949 4614 Gn
980 4560 1249 4618 Beleenn.
1286 4571 1341 4611 ct
1370 4558 1603 4614 Senem.

890 4631 1195 4686 nnuman.
1362 4629 1419 4700 g>
1458 4627 1739 4695 Spatium.
1776 4640 1821 4676 c..
1855 4641 1908 4692 3.

1522 4485 1584 4548 b)
1619 4485 1894 4555 spartian.
1930 4504 1976 4536 e.
2015 4503 2069 4546 4.
2110 4487 2409 4541 Herodian.
2449 4493 2505 4542 in
2545 4495 2849 4550 Pertinace.

1810 4557 1866 4620 e)
1904 4555 2185 4628 spartian,
2224 4573 2269 4608 e.
2311 4576 2361 4611 2.
2403 4560 2704 4621 Herodian.
2739 4571 2796 4620 in
2831 4568 3034 4622 Pertin.

2101 4626 2165 4697 h)
2201 4629 2347 4684 thiu.
2385 4646 2429 4682 c.
2469 4647 2520 4694 ι,

2483 2426 2703 2488 rursus
2738 2425 2959 2488 aleam
3011 2422 3102 2485 ad
3150 2421 3352 2484 finum
3391 2417 3664 2480 Issicum
3690 2463 3710 2492 ‚
3765 2436 3911 2499 quo
3939 2432 4009 2475 o·

2485 2522 2602 2583 lim
2631 2522 2790 2585 loco
2825 2521 3076 2583 Darius
3114 2539 3263 2584 cum
3298 2515 3691 2578 Alexandro
3723 2512 3825 2574 M.
3855 2528 4009 2576 con·

2486 2615 2711 2695 flixit,
2765 2637 2919 2680 cum
2978 2618 3250 2680 aemulo
3313 2612 3605 2697 experiri
3662 2609 4011 2694 decrevit,

2490 2715 2675 2794 cujus
2714 2729 2982 2799 pugnae
3003 2715 3060 2777 is
3105 2712 3238 2775 fuit
3268 2712 3527 2785 exitus,
3582 2719 3655 2769 ut
3683 2707 3877 2770 edita
3915 2707 4010 2768 in-

2488 2821 2682 2893 gente
2719 2812 3032 2894 utrinque
3084 2811 3297 2873 caede
3346 2807 3484 2890 ipse
3544 2805 3837 2885 denique
3917 2806 4014 2868 in-

2485 2904 2699 2969 ferior
2741 2904 2905 2991 fuga
2937 2907 3027 2968 ad
3074 2907 3490 2991 Euphratem
3540 2900 4017 2982 contenderet,

2487 3001 2597 3064 sed
2632 3015 2965 3066 retractus
2990 3023 3034 3065 a
3072 3002 3459 3065 Severianis
3491 3008 3703 3060 morte
3753 2994 4021 3059 adfice-

2485 3110 2689 3164 retur.
2739 3099 2903 3182 Ejus
2942 3110 3148 3184 caput
3187 3119 3230 3161 a
3292 3098 3545 3161 Severo
3596 3094 4022 3177 Byzantium

2493 3195 2796 3272 missum,
2850 3208 2917 3258 et
2955 3197 3117 3280 palo
3167 3198 3548 3281 praefixum
3595 3189 4021 3276 oppidani8‚

2492 3304 2567 3354 ut
2608 3294 3054 3376 pertinaciam
3100 3294 3168 3355 in
3235 3290 3583 3354 resistendo
3639 3300 4017 3374 ponerent,

2493 3386 2919 3457 ostentatum.
2945 3378 3001 3471 f)
3090 3393 3314 3473 Atque
3371 3388 3548 3451 hunc
3605 3386 3674 3448 in
3727 3386 4023 3448 modum

2492 3487 2708 3549 vitam
2752 3506 2903 3550 cum
2933 3487 3222 3571 imperio
3263 3483 3433 3546 finiit
3455 3485 3664 3570 Niger
3703 3502 3894 3545 anno
3939 3481 4023 3546 V.

2495 3581 2572 3646 C.
2631 3597 2771 3667 947
2803 3585 2902 3645 rei
2935 3582 3250 3646 militaris
3284 3581 3541 3667 peritus
3573 3580 3887 3665 egregie,
3962 3590 4028 3641 et

2489 3693 2773 3766 propter
2795 3680 3186 3764 disciplinae
3217 3690 3422 3761 artes,
3469 3697 3605 3761 qua
3639 3679 4026 3739 exercitum

2491 3778 2778 3840 retinere
2809 3779 2878 3837 in
2928 3773 3162 3838 officio
3199 3776 3430 3851 novit,
3480 3773 3569 3838 ab
3620 3772 3762 3858 ipso
3815 3773 4028 3836 Seve-

2490 3892 2571 3935 ro
2603 3876 2672 3936 in
2715 3873 2937 3960 pretio
2977 3872 3291 3950 habitu5‚
3338 3871 3400 3953 Β)
3446 3876 3745 3934 ceterum
3818 3870 4030 3933 mori·

2492 3968 2619 4032 bus
2657 3969 2894 4048 ferox,
2943 3980 3015 4030 et
3054 3968 3423 4033 effrenatae
3461 3968 3552 4031 ad
3592 3985 3798 4030 omne
3838 3968 4028 4052 cupi-

2495 4066 2781 4129 ditatum
2822 4086 3028 4149 genus
3066 4065 3364 4129 libidinis
3422 4056 3488 4149 ¹¹)

2591 4162 2692 4224 Ex
2733 4182 2945 4225 uxore
2990 4163 3216 4248 plures
3243 4163 3484 4225 habuit
3521 4164 3807 4236 liberos,
3850 4180 4028 4246 quos

2492 4255 2788 4330 Severus
2820 4260 3068 4322 bellum
3119 4262 3186 4322 in
3221 4276 3484 4346 patrem
3528 4278 3780 4346 parans
3836 4271 4030 4323 arcte

3038 4506 3085 4566 c)
3121 4498 3267 4558 Ibid.
3309 4517 3352 4550 c.
3400 4520 3443 4551 ι.
3593 4495 3686 4560 Λᾶ)
3729 4498 4029 4568 Spartian-

3239 4569 3284 4638 ἱ)
3317 4569 3433 4622 Dio
3467 4568 3537 4628 L,
3574 4567 3852 4621 LXXIV.
3899 4571 3936 4637 ᾗ
3975 4584 4028 4631 7.
