4242 5459
1024 545 1726 625 PRINCIPES
1829 546 2611 626 PALMYRAE.

268 755 497 827 tinus,
547 747 934 837 Babalatum
966 744 1126 811 teste
1177 745 1551 811 Salmaiio:
1601 749 1656 825 ⁸>
1711 749 1795 812 de

270 866 407 931 quo
435 846 547 908 ille
572 846 696 908 lic:
782 847 920 910 Hoc
950 842 1210 930 {quoque
1278 842 1366 908 ad
1419 864 1551 906 rem
1593 838 1796 928 perti·

210 970 239 980 *-
265 961 411 1006 nere
443 941 735 1019 arbitror
759 989 778 1017 ,
861 940 1134 1004 Balbati
1186 936 1314 1026 filii
1364 943 1605 1002 nomine
1657 940 1797 1004 Ze-

269 1035 522 1102 nobiam
545 1085 564 1112 ‚
613 1058 738 1101 non
789 1034 1056 1103 Timolai
1095 1044 1155 1097 et
1192 1032 1581 1099 Herenniani
1611 1037 1795 1119 impe·

272 1134 442 1197 rium
473 1122 816 1222 tenusse.¹’)
866 1130 1161 1214 Vopisco
1199 1128 1646 1212 suffragantur
1681 1151 1795 1192 nu-

271 1229 364 1295 mi
398 1230 587 1306 veri,
640 1230 753 1313 qui
790 1228 917 1292 hos
955 1226 1314 1312 ignorant,
1363 1226 1553 1288 illum
1589 1244 1795 1312 agno·
1858 1264 1867 1269 -

270 1321 475 1385 scunt.

375 1415 950 1481 Commemoratis
985 1414 1451 1480 historicorum
1499 1392 1793 1480 testimo-

278 1500 405 1579 niis
440 1514 530 1577 ad
577 1533 822 1578 numos
854 1513 1031 1598 ipsos
1067 1525 1527 1598 transeamus..

738 1668 1354 1769 .mmzmmnu'

308 1910 311 1915 '
368 1892 527 1973 Ejus
566 1886 751 1956 numi
792 1893 907 1956 uni
960 1891 1234 1956 Goltzio
1284 1892 1580 1975 cogniti,
1653 1893 1794 1976 qui·

273 1986 401 2049 bus
432 1987 470 2049 fi
511 1990 659 2071 quis
705 1989 893 2050 volet
956 1988 1210 2049 habere
1269 1985 1517 2062 fidem,
1591 1990 1796 2049 adeat

267 2080 554 2145 fontem.
645 2081 842 2145 Tefle
899 2080 1250 2144 Trebellio
1303 2078 1364 2160 ⁸)
1447 2078 1795 2142 Gallienus

272 2176 616 2241 Odenathi
654 2190 1039 2253 monetam,
1090 2196 1226 2258 qua
1279 2172 1513 2236 Persas
1553 2187 1792 2259 captos

272 2272 612 2348 traheret,
667 2275 819 2335 cudi
860 2274 1081 2355 jussit,
1133 2272 1243 2332 sed
1302 2272 1487 2351 cujus
1533 2270 1794 2354 generis

271 2384 513 2430 numus
573 2367 698 2429 sese
755 2369 980 2431 adhuc
1046 2367 1349 2443 nemini,
1419 2377 1487 2429 et
1542 2384 1628 2429 ne
1670 2363 1788 2450 ipfi

271 2464 547 2546 quidem
589 2461 866 2528 Goltzio
912 2462 1180 2530 obtulit.

865 2655 1177 2720 Numi.-

359 2844 639 2911 Herodis
665 2893 684 2924 ,
735 2845 1163 2924 Herenniani,
1224 2844 1526 2924 Timolai,
1598 2840 1788 2910 Mae-

260 2942 415 3008 onii.
1639 3004 1650 3014 .

362 3035 792 3121 Singulorum
833 3048 1178 3101 monetam
1230 3036 1482 3121 reperit
1526 3031 1783 3097 Goltzi-

266 3150 388 3209 us„
460 3151 747 3213 eamque
800 3151 1124 3195 recoxere
1195 3131 1437 3207 Occo,
1503 3131 1782 3206 Medio·

254 3225 547 3300 barbas,
598 3226 1002 3290 Bandurius.
1057 3227 1362 3290 Maeonii
1392 3240 1620 3289 tamen
1667 3244 1785 3287 nu-

265 3340 452 3382 mum
492 3322 739 3384 recitat
770 3343 1040 3405 quoque
1068 3336 1310 3385 auctor
1354 3321 1557 3384 musei
1594 3322 1783 3382 Pem-

263 3415 514 3480 brock:
571 3407 627 3491 ⁸)

3256 573 3393 642 am

2169 750 2469 814 Protome
2504 749 2678 834 regis
2719 750 2918 836 capito
2965 750 3141 816 tiara
3199 758 3354 817 tecto
3369 799 3390 829 ,

2155 864 2322 930 pone
2360 849 2437 908 A.
3385 896 3392 905 .

1878 938 2276 1004 BA21AEV
2337 975 2364 989 -
2431 939 2758 1003 ΜΠἏΛΟ
2815 979 2850 994 -
2901 941 3318 1005 TIMHAA⁰
3376 981 3398 997 .

1888 1034 2184 1103 Victoria
2246 1036 2315 1099 in
2385 1038 2533 1115 citii
2594 1033 2762 1119 bigis
2781 1083 2798 1114 ,
2848 1036 3029 1119 infra
3087 1056 3247 1123 quas
3287 1041 3405 1108 ·H.·

1978 1224 2151 1288 Eum
2191 1246 2276 1288 ex
2314 1225 2656 1310 locuplete
2711 1226 2935 1290 museo
2977 1229 3261 1291 Hunteri
3290 1230 3405 1292 de·

1884 1320 1986 1383 dit
2023 1321 2105 1383 cl.
2150 1320 2636 1398 Pinkertonus,
2693 1334 2759 1384 et
2819 1322 3144 1386 Timolao
3192 1327 3403 1388 Zeno·

1881 1414 2039 1479 biae
2090 1416 2233 1479 filio
2277 1415 2531 1478 tribuit.
2577 1422 2637 1493 e)
2729 1419 2839 1480 Ad
2906 1419 3404 1504 explorandam

1883 1512 2134 1575 cimelii
2167 1526 2308 1576 tam
2351 1512 2526 1587 rari,
2582 1516 2785 1596 atque
2817 1512 3160 1578 insolentie
3195 1515 3404 1578 fidem

1886 1625 2121 1670 omnes
2166 1609 2336 1669 artis
2377 1603 2637 1672 nostrae
2685 1607 3043 1672 machinae
3092 1609 3234 1673 sunt
3276 1612 3405 1674 adv-

1882 1699 2245 1765 bibendae.
2315 1705 2541 1784 Atque
2572 1705 2831 1767 utinam
2873 1703 3037 1767 illud
3081 1698 3299 1769 minus
3336 1708 3407 1770 in

1882 1794 2286 1881 suspiciones
2322 1809 2609 1881 pateret.
2659 1801 2803 1863 Iam
2831 1800 3124 1884 primum
3158 1803 3407 1865 mirum

1881 1893 2153 1955 videtur
2172 1895 2415 1977 capitis
2438 1907 2744 1980 tegmen,
2796 1896 2974 1958 tiara
3014 1916 3255 1982 nempe
3281 1900 3403 1959 Ar-

1881 1990 2235 2049 meniacae
2274 1987 2536 2064 similis,
2588 2009 2739 2051 cum
2783 2003 3012 2054 tamen
3054 1992 3404 2075 Palmyre·

1877 2080 1946 2140 ni
1986 2083 2326 2164 principes
2361 2100 2594 2146 omnes
2630 2083 2884 2145 cultum
2923 2085 2991 2146 in
3021 2088 3239 2149 numis
3264 2089 3410 2150 Ro-

1881 2193 2155 2235 manum
2193 2173 2744 2253 adfectaverint,
2783 2189 2856 2239 ut
2909 2180 3233 2243 continuo
3281 2203 3403 2266 pa·

1880 2269 2092 2345 tebit,
2147 2282 2352 2355 atque
2399 2273 2603 2334 etiam
2648 2285 2866 2336 mater
2910 2273 3217 2337 Zenobia
3273 2275 3404 2343 fili.-

1880 2385 1956 2427 os
1998 2364 2505 2429 Herennianum
2565 2379 2632 2429 et
2697 2367 3093 2432 Timolaum
3159 2368 3402 2434 habitu

1875 2461 2363 2546 imperatorio,
2416 2474 2489 2524 ut
2529 2463 2764 2546 paullo
2817 2463 3398 2544 altius'diximuS,

1875 2574 2013 2618 non
2060 2560 2251 2641 regio
2290 2557 2653 2621 barbarico
2696 2577 3029 2645 apparere
3075 2559 3388 2627 voluerit.

1876 2651 1981 2713 Ex
2034 2672 2170 2735 qua
2209 2653 2351 2737 ipsa
2392 2655 2593 2718 causa
2631 2675 2767 2719 non
2811 2651 3020 2718 facile
3056 2654 3400 2737 dabimus,

1875 2746 2271 2812 Timolaum
2305 2748 2444 2811 dici
2490 2754 2781 2833 ταστλεα,
2832 2751 3106 2835 quando
3167 2752 3398 2817 Vaba-

1872 2840 2101 2908 lathus
2147 2857 2213 2907 et
2245 2843 2551 2908 Zenobia
2608 2845 2839 2908 selein
2887 2859 3164 2911 moneta
3212 2847 3399 2913 dixe.

1873 2957 1946 3000 re
1985 2937 2339 3024 Augustos.
2394 2939 2659 3006 Deinde
2706 2961 2792 3004 an
2838 2939 3239 3020 ferendum,
3299 2963 3397 3007 te-

1876 3046 2058 3097 ctum
2095 3035 2536 3101 BAEIAEVS
2575 3039 2884 3121 conjungi
2920 3058 3071 3102 cum
3114 3038 3397 3122 obliquo

1876 3130 2361 3197 MErAAoT?
2409 3134 2564 3195 Non
2621 3153 3035 3222 magnopere
3086 3136 3268 3195 nitor
3300 3148 3396 3199 te-

1878 3221 2201 3287 flimoniis
2247 3227 2643 3309 scriptorum
2688 3237 3037 3300 veterum,
3090 3229 3206 3310 qui
3241 3247 3395 3293 eum

1877 3318 2251 3381 constanter
2300 3319 2681 3397 Timolaum,
2732 3339 2867 3381 non
2900 3322 3236 3385 Timolaum
3275 3345 3396 3411 ap·

1872 3413 2173 3498 pellant,
2228 3414 2390 3496 quia
2444 3415 2761 3500 exiguam
2811 3415 2901 3477 ab
2949 3418 3398 3484 adcuratione

554 3512 743 3574 IMP.
784 3510 858 3576 C.
887 3510 1394 3579 MAEONIVS.
1448 3511 1649 3597 Caput
1678 3529 1784 3575 ra·
1869 3510 2143 3573 laudem
2179 3508 2321 3573 sun't
2350 3513 2721 3593 promeriti.
2772 3512 3042 3574 Tamen
3073 3514 3234 3594 quia
3276 3508 3401 3578 vo.-

548 3605 815 3673 diatum.

263 3700 585 3782 VENVS,
636 3704 1120 3792 Deaseniimida
1150 3708 1337 3788 stans
1384 3701 1451 3768 d.
1501 3740 1533 3758 -
1584 3729 1604 3754 ··
1658 3736 1691 3754 ·
1723 3702 1786 3789 s.

260 3796 513 3885 lissam.
570 3799 707 3863 ΑΕ.

363 3893 495 3955 Sed
535 3915 731 3977 quem
777 3896 1092 3979 equidem
1141 3914 1413 3960 numum
1453 3914 1588 3958 non
1614 3894 1785 3959 mul-

266 4000 410 4050 tum
454 3990 791 4070 praestare
835 3991 1215 4058 Goltzianis
1267 3989 1593 4054 existimo.

362 4082 541 4164 Quin
594 4096 660 4145 et
700 4085 1005 4150 Timolai
1055 4108 1331 4154 numum
1370 4105 1584 4174 nuper
1627 4084 1780 4151 vul-

263 4190 494 4264 gatum
546 4181 857 4264 reperioz

262 4452 271 4460 .
329 4416 391 4477 ι)
428 4416 487 4465 in
524 4413 829 4489 Vopiscum
866 4432 925 4539 Η.
960 4427 1085 4483 380.

256 4479 378 4569 tab.
422 4492 516 4545 28.
723 4486 775 4551 e)
813 4482 862 4537 E
904 4502 936 4537 a

1298 4418 1359 4481 b)
1391 4423 1448 4471 in
1488 4417 1790 4472 Aureliano
1826 4434 1889 4479 e„
1910 4418 2023 4487 33?

938 4502 977 4557 χ
1018 4501 1093 4539 on
1128 4484 1339 4541 medalu
1375 4487 1507 4552 Vol,
1543 4489 1591 4541 1.
1626 4504 1688 4560 p,
1722 4502 1851 4556 3⁹²·

1877 3604 2198 3669 cabulum
2235 3605 2401 3668 illud
2450 3603 2796 3668 manifeste
2835 3626 3079 3689 exrepn
3130 3622 3196 3670 et
3240 3615 3396 3690 λασς

1877 3702 2344 3783 componitur,
2397 3721 2538 3783 τιμη
2582 3713 2809 3764 autem
2851 3704 2918 3764 in
2967 3705 3396 3788 compontio·

1878 3818 1961 3860 ne
2001 3797 2261 3880 semper
2292 3817 2328 3878 η
2367 3798 2436 3859 in
2471 3819 2503 3860 o
2537 3798 2897 3874 convertit,
2947 3812 3021 3861 ut
3056 3802 3396 3882 Τιμοθεος,

1874 3894 2275 3975 Τιμοκρατης
2316 3905 2486 3969 etc.,
2558 3892 2936 3956 necessario
2979 3897 3183 3958 etiam
3242 3899 3394 3963 scri·

1874 3989 2172 4052 bendum
2207 3989 2559 4070 Τιμολαος.
2615 3990 2924 4073 Denique
2945 4003 3010 4054 et
3041 3991 3394 4057 literarum

1872 4082 2103 4145 forma
2143 4082 2509 4167 suspectum
2553 4086 2821 4169 copiose
2877 4106 3153 4150 numum
3203 4087 3394 4155 facit.

1874 4180 2079 4265 Signa
2105 4177 2481 4242 formatum
2524 4192 2597 4243 ut
2627 4182 2687 4244 Σ
2729 4201 2878 4266 pro·
2904 4184 2952 4249 C
2995 4203 3131 4247 non
3182 4185 3391 4247 modo

2209 4418 2264 4489 .⁸)
2302 4419 2361 4472 in
2400 4418 2663 4476 Gallieno
2699 4438 2745 4475 e.
2788 4436 2868 4474 aa.

2710 4560 3008 4650 Qqqz

2975 4506 2980 4509 ⁷
3085 4418 3408 4489 «naun
3527 4434 3536 4441 ·
