4242 5459
1316 532 1371 639 f
1481 523 2348 691 GALLIEst*

339 770 497 932 {R'
542 768 746 856 (Mus.
780 768 1179 853 caes.)v11.
1202 770 1276 834 P.
1302 770 1457 836 vn.
1478 771 1561 837 F.
1599 772 1887 857 (Band.)

408 866 552 932 EG.
595 868 813 930 VIIII.
864 867 1080 936 AVG.
1136 867 1253 932 VI.
1305 868 1381 933 P.
1431 869 1547 933 VI.
1610 868 1687 933 F.
1739 868 1887 934 Leo.

349 963 561 1048 (Mus.
604 962 832 1048 Caest)
884 964 1077 1027 Alter
1115 977 1286 1049 typo
1333 964 1658 1029 Victoriae
1707 973 1766 1027 et
1818 984 1887 1029 a·

348 1057 609 1144 quitus,
684 1079 882 1141 quem
945 1079 1095 1123 cum
1157 1060 1399 1122 eadem
1454 1059 1886 1144 inscriptione

347 1152 775 1237 Bandurins,
831 1167 898 1241 et
928 1154 1021 1217 ab
1058 1156 1192 1218 hoc
1239 1156 1563 1239 deceptus
1625 1173 1750 1240 ego
1814 1156 1883 1217 in

349 1249 693 1341 Catalogo
736 1244 901 1313 mus.
950 1244 1139 1315 Ca‘es.
1185 1252 1599 1331 citavimus,
1662 1251 1881 1334 legen·

347 1340 474 1407 dus
509 1344 693 1407 haud
746 1345 949 1407 dubie
993 1344 1198 1418 LEG.
1239 1348 1323 1409 V.
1378 1344 1593 1409 MAC.
1682 1344 1881 1408 Certe

345 1437 719 1503 'Caesareus
746 1459 784 1501 a
824 1462 933 1502 me
967 1441 1222 1504 rursum
1260 1428 1513 1503 ottente
1548 1441 1881 1525 inspectus

332 1554 478 1598 non
524 1534 713 1598 aliud
754 1535 978 1600 docet.
1511 1610 1519 1619 ⁵

338 1628 546 1693 LEG.
611 1631 694 1693 X.
741 1626 962 1696 GEM.
1026 1631 1146 1699 VI.
1184 1631 1262 1703 Ρ.
1309 1632 1422 1694 VI.
1467 1631 1547 1696 F.
1606 1632 1878 1717 Taurus.

341 1724 489 1789 AR.
542 1721 750 1806 (Mus.
802 1722 1024 1807 Caes.)
1270 1764 1274 1768 Δ
1748 1760 1753 1765 ·

342 1816 548 1885 LEG.
591 1818 706 1883 XI.
750 1817 889 1885 CL.
928 1820 1049 1884 VI.
1101 1820 1179 1885 P.
1228 1820 1346 1885 VI.
1390 1821 1471 1888 F.
1545 1822 1883 1905 Neptunus

318 1917 506 2005 stans
569 1914 629 1979 d.
702 1916 1075 1993 tridentem,
1141 1914 1203 2002 s.
1268 1916 1639 2001 delphinum.
1731 1918 1879 1980 AR.

349 2010 554 2096 (Mus.
601 2008 858 2096 Caes.)
888 2000 1131 2074 Addo:
1185 2010 1389 2077 LEG.
1431 2014 1553 2075 XI.
1597 2012 1670 2078 C.
1694 2013 1766 2078 P.
1798 2011 1879 2074 F.

347 2108 530 2191 Lupa
580 2127 711 2170 cum
737 2108 1045 2191 geminis,
1098 2107 1167 2169 in
1202 2128 1471 2191 gemma
1493 2105 1879 2174 MuseiFlo-

347 2204 594 2265 rentini
632 2202 838 2265 Tom.
887 2202 973 2268 11.
1020 2201 1161 2267 tab.
1210 2223 1322 2284 19·

347 2296 555 2363 LEG.
595 2297 780 2365 XIII.
820 2295 1041 2360 GEM.
1085 2298 1200 2371 Vl,
1242 2299 1317 2361 P.
1367 2301 1482 2362 Vl.
1524 2297 1600 2361 F.
1667 2296 1881 2364 Victo-

351 2397 458 2459 ria
493 2392 801 2478 gradiens
846 2393 909 2457 d.
958 2396 1234 2458 lauream
1278 2393 1500 2483 offert,
1544 2415 1669 2481 plro
1708 2393 1882 2478 pedi-

353 2490 470 2554 bus
520 2490 630 2554 leo.
687 2491 831 2555 AB.
886 2482 1085 2579 (Mus.
1127 2486 1359 2573 Caes)
1627 2538 1637 2545 .

349 2583 553 2653 LEG.
591 2585 811 2652 XIIII.
847 2582 1074 2651 GEM.
1114 2585 1230 2648 VI.
1282 2588 1355 2652 P.
1390 2590 1517 2651 VI.
1554 2585 1630 2648 F.
1708 2583 1882 2650 Idem

352 2690 562 2766 typuS.
616 2683 763 2744 AB.
817 2680 1116 2765 (Band.)
1154 2710 1160 2715 ·
1192 2681 1268 2744 In
1310 2684 1483 2748 alio:
1555 2682 1880 2767 Capricor-

338 2798 483 2843 nus.
536 2773 782 2861 (Ibid.)
860 2794 869 2802 ·
988 2774 995 2779 ’
1760 2822 1786 2837 .

352 2871 555 2937 LEG.
596 2873 809 2936 IIXX.
847 2873 969 2938 v1.
1017 2874 1098 2939 P.
1135 2874 1256 2941 VI.
1305 2875 1382 2937 F.
1438 2874 1778 2959 capricorn

349 2971 421 3031 in
469 2968 650 3037 alio:
720 2968 878 3033 idem
927 2972 1112 3035 undis
1147 2974 1491 3048 innatans,
1587 2973 1655 3033 in
1689 2970 1875 3035 alio:

347 3066 500 3129 VII.
550 3067 627 3131 P.
666 3060 816 3131 VII.
852 3066 933 3132 F.
989 3069 1257 3150 (omnes
1296 3069 1363 3129 in
1398 3063 1564 3130 Mur.
1608 3063 1829 3141 Caes.)

346 3160 554 3253 LEG.
591 3157 768 3225 ’ΚΧ
818 3161 935 3227 VI.
986 3163 1058 3227 P.
1113 3162 1228 3225 v1.
1285 3162 1362 3230 F.
1437 3162 1882 3246 Capricornus.

349 3259 500 3321 AR.
554 3254 827 3340 (Vaill.)

229 3367 239 3375 ·
353 3348 558 3416 LEG.
600 3352 777 3414 XXI.
810 3350 1030 3418 GEM.
1070 3351 1187 3415 VI.
1229 3349 1305 3414 P.
1353 3351 1466 3416 v1.
1505 3352 1582 3418 F.
1673 3353 1879 3438 Typus

351 3456 427 3513 ut
461 3449 529 3511 in
574 3447 695 3531 leg‘.
737 3448 946 3512 XIII.
998 3445 1307 3539 (Band.)
1346 3446 1554 3511 Forte
1611 3460 1679 3512 et
1724 3469 1874 3534 per·

344 3564 586 3630 peram
637 3547 883 3605 lectum
910 3545 1107 3609 'XXL
1143 3561 1266 3627 pro
1304 3544 1489 3609 XIII.

348 3637 554 3704 LEG.
594 3639 809 3705 XXII.
854 3641 969 3703 v1.
1024 3642 1097 3705 P.
1139 3639 1253 3702 VI.
1305 3639 1391 3717 F.¹
1438 3641 1877 3734 Capricornus.

349 3734 497 3800 AR.
547 3734 756 3800 (Mus.
785 3735 992 3825 Caes.
1032 3734 1283 3819 Band.)

346 3830 550 3895 LEG.
593 3832 805 3900 XXX.
840 3833 1038 3899 VLP.
1071 3834 1183 3895 VI.
1226 3833 1305 3895 P.
1342 3832 1459 3894 vt.
1500 3832 1576 3897 F.
1629 3836 1877 3921 Neptu..

346 3947 469 3990 nus
489 3929 668 4014 stans
709 3929 770 3992 d.
810 3928 1175 4005 tridentem,
1210 3931 1271 4015 s.
1322 3927 1692 4014 delphinum.
1729 3933 1875 3997 AR.

352 4022 609 4104 (Band.
648 4025 816 4087 Mus.
866 4024 1092 4106 Caes.)

303 4134 309 4149 ·
447 4116 725 4205 Illustris
771 4121 883 4184 hic
920 4122 1263 4207 legionum
1330 4123 1684 4210 catologus
1736 4144 1875 4188 non

345 4230 572 4300 pauca
599 4213 801 4278 offert
828 4218 1199 4280 observatu
1238 4218 1469 4302 digna,
1497 4222 1671 4283 inter
1697 4242 1873 4305 quae

348 4313 744 4395 cumprimis
781 4316 1207 4401 memorandi
1262 4316 1434 4400 typi.
1524 4318 1875 4398 Vidimus,

2358 4456 2363 4462 ,
3599 4454 3606 4463 .

416 4518 478 4584 a)
514 4515 659 4573 Bell.
697 4521 801 4582 cir,
836 4519 903 4577 1..
936 4520 1017 4577 11.
1211 4518 1269 4590 b)
1307 4519 1474 4577 Num.
1512 4534 1619 4578 vet.
1655 4542 1714 4599 p.
1747 4543 1843 4599 5ο,

3306 560 3457 717 νἕψε

1964 771 2252 859 fingulas
2293 774 2641 860 proprium
2673 773 2854 837 suum
2905 780 3167 859 jactare
3212 779 3326 842 seu
3363 796 3481 843 nu·

1965 889 2120 953 men
2158 871 2534 956 quodpiam
2565 917 2585 947 ,
2637 870 2744 933 seu
2778 873 3074 952 animal,
3126 874 3260 937 five
3292 885 3485 938 natu·

1954 963 2108 1041 ⁴rale
2142 1013 2161 1044 ,
2232 965 2363 1029 five
2405 964 2657 1030 fictum.
2752 967 2914 1048 Ejus
2968 972 3288 1055 exempla
3340 971 3483 1049 jam

1961 1061 2263 1126 vidimus
2298 1062 2369 1125 in
2421 1064 2642 1125 numis
2709 1065 3108 1146 provinciae
3173 1066 3480 1142 Daciae,

1961 1167 2028 1217 et
2069 1158 2382 1221 coloniae
2435 1158 2839 1234 Viminacii,
2893 1171 3064 1233 tum.
3095 1173 3162 1223 et
3215 1159 3479 1225 videbi-

1958 1270 2109 1314 mus
2147 1252 2324 1337 infra
2373 1254 2442 1314 in
2472 1255 2693 1315 numis
2727 1255 3100 1331 VIctorini,
3155 1254 3480 1334 Carsium,

1958 1347 2245 1429 aliisque
2280 1350 2769 1426 monumentiS,
2824 1370 3000 1434 quae
3047 1372 3211 1415 mox
3253 1352 3486 1437 profe-

1957 1461 2126 1506 ram.
2219 1443 2373 1524 Quo
2413 1455 2620 1524 pacto
2651 1444 2783 1506 hae
2817 1446 3147 1529 imagiues
3176 1450 3273 1513 ad
3302 1450 3484 1511 ind'i-

1959 1538 2216 1600 candas
2235 1538 2536 1622 legiones
2560 1537 2967 1619 referantur,
2998 1562 3249 1630 anceps
3271 1565 3480 1628 quae—

1958 1630 2099 1698 stio.
2154 1633 2526 1696 Verisimile
2583 1633 2726 1712 est?
2760 1636 2951 1720 signis
2989 1659 3107 1702 eas
3166 1642 3486 1705 militari-

1957 1726 2083 1789 bus
2140 1729 2467 1807 serviisse,
2522 1751 2675 1793 cum
2736 1735 2921 1814 quod
2995 1736 3065 1798 in
3140 1737 3489 1801 nonnullis
3609 1778 3618 1788 »

1952 1824 2322 1887 viminacii
2371 1828 2594 1888 numis
2643 1828 3000 1908 videmus,
3074 1845 3342 1897 taurum
3395 1851 3479 1897 ac

1928 1922 2223 1987 iconem
2248 1967 2266 1996 ‚
2320 1921 2606 2006 legionis
2636 1923 2796 1987 Vll.
2823 1945 2905 1988 ac
2954 1932 3091 1993 IIII.
3138 1931 3476 2014 symbola,

1956 2017 2023 2077 in
2073 2014 2217 2099 ipso
2277 2015 2435 2100 [igni
2469 2012 2804 2080 ‘militaris
2871 2025 3100 2107 apice*
3134 2031 3481 2113 proponI,
3551 2016 3566 2026 ’

1955 2122 2098 2171 tum
2140 2112 2322 2191 quod
2366 2109 2620 2174 confiat
2660 2132 2744 2175 ex
2780 2117 3233 2203 Appianoss)
3256 2124 3476 2209 legio..

1954 2206 2024 2268 ni
2071 2208 2154 2267 V.
2177 2202 2320 2289 post
2356 2206 2646 2270 relatam
2666 2208 2735 2270 in
2763 2209 2999 2275 Africa
3037 2215 3121 2277 de
3162 2216 3481 2302 elephan-

1957 2302 2045 2363 tis
2090 2301 2455 2363 victoriam
2518 2300 2708 2365 fuisse
2783 2305 3161 2390 indultum,
3231 2326 3307 2376 ut
3351 2316 3482 2378 ele·

1958 2399 2290 2481 phantum
2332 2398 2402 2459 in
2456 2398 2651 2482 [ignis
2714 2401 3124 2470 militaribus
3175 2408 3480 2477 haberet.

1960 2498 2043 2556 At
2076 2496 2253 2556 enim
2282 2512 2437 2556 cum
2477 2493 2764 2574 constet,
2818 2501 3120 2583 aquilam
3155 2503 3347 2569 fuiss'e
3381 2509 3484 2569 in-

1958 2586 2130 2673 signe
2175 2589 2469 2675 legionis
2516 2591 2873 2657 Romanae
2924 2615 3061 2661 non
3121 2603 3331 2672 modo
3387 2602 3479 2668 ab

1956 2686 2437 2770 antiquissimis
2507 2690 2970 2776 temporibuS,
3047 2696 3166 2760 sed
3225 2699 3484 2779 etiam,

1957 2783 2285 2866 quamdiu
2330 2803 2413 2846 ea
2461 2781 2673 2868 stetit,
2725 2799 2978 2853 certum
3017 2794 3309 2875 vide-tur,
3349 2797 3479 2862 has

1863 2922 1883 2953 ‚
1954 2879 2289 2964 imagines
2323 2899 2406 2943 ex
2451 2882 2835 2946 cohortium
2888 2886 3078 2972 signis
3121 2892 3192 2953 in
3238 2912 3484 2958 numo·
3521 2904 3526 2909 '

1954 2996 2104 3038 rum
2151 2988 2394 3059 typum
2453 2977 2646 3040 fuiffe
2699 2981 3122 3066 advocatas,
3193 3009 3482 3077 cumque

1953 3073 2135 3156 legio
2165 3092 2256 3134 ex
2303 3071 2611 3156 pluribus
2653 3076 3051 3145 cohortibus
3091 3083 3490 3165 constiterit,

1955 3167 2223 3230 causam
2294 3182 2650 3247 tenemus,
2714 3192 2833 3236 cur
2878 3190 3364 3264 nonnunquam
3406 3183 3480 3245 in

1951 3263 2058 3326 his
2102 3265 2325 3326 numis
2356 3285 2490 3328 una
2535 3260 2930 3354 ”eademque
2999 3272 3178 3358 legio
3245 3278 3486 3342 varias

1944 3361 2157 3440 jactet
2219 3361 2550 3446 imagines
2573 3411 2606 3444 ,.
2666 3383 2735 3427 v.
2795 3384 2850 3427 c.
2922 3367 3102 3453 legio
3138 3372 3191 3435 Ι.
3233 3370 3482 3437 Italica.

1939 3456 2080 3536 jam
2147 3474 2385 3537 aprum
2423 3503 2443 3533 ,
2537 3462 2679 3539 jam
2737 3460 3257 3546 capricornum‘,
3327 3472 3482 3552 jam

1952 3548 2200 3613 bovem
2253 3555 2633 3631 marinum,
2684 3556 2820 3631 jam
2856 3558 3091 3642 lupam
3148 3580 3300 3626 cum
3367 3586 3480 3651 ge.

1954 3642 2195 3711 mellis..
2255 3646 2530 3710 Certum
2559 3668 2726 3711 vero
2769 3649 2891 3731 est,
2936 3653 3254 3724 cohortes
3292 3661 3481 3748 sepa.

1950 3754 2105 3805 rata
2149 3742 2261 3805 sua
2305 3743 2606 3807 habuisse
2654 3744 2884 3833 tigna,
2950 3752 3035 3814 de
3079 3748 3224 3838 ‘quo
3286 3777 3484 3846 argu.

1953 3851 2182 3901 mento
2219 3852 2456 3923 agetur
2508 3841 2714 3922 alibi,
2767 3865 2851 3910 ac
2890 3849 3252 3933 probabil‘e
3302 3859 3481 3922 adeo

1954 3935 2156 3996 etiam
2190 3982 2209 4012 ,
2262 3937 2603 4022 imagines
2646 3941 2717 4003 in
2760 3945 3223 4027 praesentibus
3256 3956 3491 4018 numis

1951 4031 2332 4117 propositas
2381 4035 2720 4119 legionum
2783 4040 3182 4128 singularum
3238 4049 3480 4114 cohor-

1949 4140 2085 4190 tem
2127 4132 2443 4214 primam,
2499 4136 2617 4196 aut
2649 4134 2689 4198 si
2723 4137 2882 4201 illae
2913 4142 3267 4209 variarunt
3290 4193 3320 4226 r
3365 4166 3480 4212 co·

1950 4222 2183 4287 horres
2236 4228 2600 4312 primarias
2635 4234 3010 4321 respexisse.

2048 4321 2196 4384 Iam
2229 4325 2400 4387 alias
2427 4331 2907 4441 comprobavi,
2933 4325 2998 4420 ¹²)
3035 4348 3267 4422 typ08‚
3304 4304 3490 4423 quos·

2802 4608 3126 4689 Eedz,
