4242 5459
1130 533 2603 649 BAL-BIst‚PVP1Est.
2842 507 2849 527 '
3293 587 3441 657 307

324 764 537 842 diani‚
590 762 697 826 etli
733 737 1037 828 caesaris
1059 811 1078 842 ‚
1131 775 1338 849 caput
1367 763 1710 844 radiatum
1737 773 1846 824 ta·
1923 778 2088 824 num*
2118 759 2439 825 adversus
2478 758 2927 823 Maximinum
2961 757 3229 827 bellass’e
3266 759 3446 847 lege.

323 879 482 922 men
519 857 642 936 est,
696 879 831 943 quo
855 860 1032 922 cultu
1061 859 1649 924 Diadumenianus
1676 876 1841 942 quo·
1923 870 2050 933 ret,
2100 858 2271 920 mire
2302 856 2760 940 perturbatur,
2813 868 2881 918 et
2914 858 3163 921 nescire
3194 857 3255 920 se
3279 878 3446 944 pro·
3498 903 3503 908 ·

325 974 456 1038 que
487 956 553 1018 in
589 955 928 1020 nonnullis
971 955 1191 1018 numis
1227 966 1601 1040 comparet.
1924 963 2141 1029 tetur,
2192 953 2369 1015 unde
2402 967 2589 1013 error
2627 951 2739 1012 hic
2770 964 2966 1014 natus
3004 951 3115 1029 Iit,
3164 955 3272 1041 mss
3296 952 3446 1039 for·

1062 1051 1094 1082 ¹*
1925 1056 1988 1111 te
2006 1094 2027 1125 ,
2082 1048 2217 1124 ait,
2268 1049 2424 1111 idem
2456 1048 2530 1133 ss
2568 1047 2886 1130 Pupienus
2911 1091 2929 1123 ,
2980 1052 3088 1133 qm·
3125 1059 3185 1113 et
3212 1050 3447 1115 Maxi-

620 1144 694 1212 V
688 1156 716 1210 t
760 1145 852 1211 lit.
881 1101 982 1211 21.
1009 1153 1068 1209 et
1109 1144 1174 1210 C.
1240 1102 1272 1133 ἢ
1924 1145 2085 1209 inus.
2177 1144 2361 1229 Quod
2423 1144 2561 1207 ideo
2609 1144 2887 1230 testatum
2934 1143 3150 1228 posui,
3198 1164 3271 1207 m
3306 1148 3450 1230 quis
3586 1173 3593 1182 ·

320 1243 402 1309 Ρ.
441 1242 540 1305 Μ.
584 1242 734 1307 TR.
773 1243 851 1306 P.
894 1239 1085 1303 COS.
1122 1241 1208 1306 11.
1247 1241 1325 1307 P.
1364 1238 1441 1300 P.
1507 1240 1711 1304 variis
1748 1249 1840 1323 ty·
1926 1259 2021 1304 me
2050 1236 2163 1305 boc
2198 1236 2427 1327 my'ciffe
2467 1237 2736 1304 crederet
2764 1286 2783 1316 ‚
2834 1238 3000 1324 quod
3045 1258 3265 1304 revera
3306 1259 3447 1305 ma-

309 1340 441 1421 pis.
495 1337 642 1402 AV.
691 1338 836 1400 AR.
878 1335 1019 1399 AE.
1063 1336 1114 1401 1.
1148 1336 1233 1401 11.
1284 1332 1487 1422 (Mus.
1522 1333 1743 1417 Caes.)
1920 1342 2118 1420 guum
2119 1338 2460 1421 stuporem
2484 1335 2939 1399 acmiraculum
2958 1346 3150 1403 creat.
3169 1323 3225 1412 ¹')
3260 1336 3451 1399 Idem

428 1432 865 1500 Memorandi
893 1430 964 1493 hi
998 1432 1181 1494 numi
1219 1445 1500 1517 propter
1528 1427 1721 1496 Cos.
1751 1431 1839 1496 11.
1928 1432 2208 1495 dubium
2231 1443 2521 1493 renovat
2547 1432 2615 1493 in
2638 1430 2953 1494 Maximo
2985 1443 3052 1493 et
3068 1429 3451 1510 Balbino.‘)

317 1526 409 1593 de
443 1547 582 1611 quo
613 1526 798 1593 infra
829 1526 946 1590 sub
981 1528 1181 1592 titulo
1219 1528 1451 1614 Consul.
1926 1528 2241 1591 Tandem
2301 1525 2416 1590 libi
2466 1525 2764 1592 abolitum
2797 1528 3105 1616 stuporem
3156 1528 3449 1612 gratula-

1651 1684 1656 1688 .
1925 1636 2069 1702 tur,
2121 1643 2274 1686 cum
2306 1622 2560 1708 legeret
2595 1624 2663 1685 in
2712 1622 3249 1704 Fortunatiano,
3317 1624 3447 1686 Pu.

599 1720 802 1788 Numi
847 1721 1167 1785 commatis·
1205 1721 1547 1804 peregrini.
1923 1721 2198 1806 pienum
2234 1720 2485 1782 dictum
2532 1719 2805 1781 nomine
2837 1717 2993 1800 suo,
3043 1719 3447 1803 cognomine

1925 1836 2090 1884 vero
2113 1828 2397 1901 paterno
2426 1815 2829 1879 Maximum.
2883 1812 3216 1877 Dubitare
3258 1816 3327 1876 in
3372 1834 3445 1877 re

409 1903 702 1996 'Aliquot
740 1910 901 1973 item
943 1908 1196 1976 urbium
1230 1909 1568 1977 liberarum
1621 1911 1835 1977 habe·
1925 1912 2138 1975 obvia
2171 1910 2454 1996 potuiss‘e
2510 1911 2856 1973 hominem
2887 1957 2906 1985 ,
2960 1912 3072 1992 qui
3128 1912 3196 1973 in
3268 1907 3444 1974 Con·

314 2027 467 2072 mus
504 2026 767 2087 numos,
817 2009 989 2069 inter
1021 2027 1194 2091 quos
1234 2009 1528 2069 eximius
1562 2010 1663 2086 ia,
1715 2011 1833 2090 qui
1925 2004 2188 2068 flamini
2216 2009 2389 2088 Aug.
2416 2006 2703 2090 gratiam
2737 2005 2917 2066 vitas
2952 2006 3443 2091 imperatorum

314 2104 605 2188 lignatus
635 2101 728 2164 est
763 2105 944 2186 apud
979 2107 1199 2188 Aegas
1232 2101 1514 2166 Ciliciae
1543 2122 1694 2166 cum
1717 2123 1832 2165 an·
1923 2099 2170 2183 scripsit
2194 2146 2213 2175 ,
2262 2098 2429 2162 istud
2458 2119 2679 2165 revera
2717 2102 3437 2188 magnumstuporemac

316 2219 412 2262 no
433 2199 735 2284 epochae
766 2200 936 2261 CHA
955 2244 974 2273 ,
1028 2199 1140 2281 qui
1161 2199 1396 2282 incipit
1415 2201 1484 2259 in
1506 2209 1829 2261 autumno
1918 2196 2284 2261 miraculum
2315 2206 2508 2261 creat.

314 2296 404 2360 V.
441 2292 514 2356 C.
561 2314 721 2377 990·
776 2293 1061 2358 Coloniae
1086 2294 1317 2369 unius,
1369 2313 1612 2377 nempe
1635 2294 1830 2375 Tyri,

312 2409 592 2454 numum
630 2390 915 2474 protulit
958 2387 1390 2464 PelleriniuS,
1429 2384 1492 2468 ²)
1546 2389 1832 2453 Alexan·
2426 2387 2601 2455 Trib.
2645 2389 2934 2477 potestas,

313 2487 492 2553 drim'
526 2487 897 2550 admodum
935 2487 1073 2548 rari
1107 2483 1289 2559 sunt,
1357 2503 1642 2568 quorum
1689 2484 1830 2547 nul-

311 2584 423 2646 lus
459 2583 765 2665 cognitus
813 2580 942 2642 fuit
984 2577 1405 2644 Beauvailio.
1493 2581 1650 2643 Duo
1687 2581 1831 2644 sunt
2016 2581 2370 2644 Recitatur
2409 2581 2478 2643 in
2517 2580 3167 2649 museoFarneIiano
3194 2603 3443 2652 aeneus

310 2681 387 2741 in
427 2677 653 2741 museo
705 2676 1081 2757 Caesareo,
1153 2677 1382 2763 plures
1419 2676 1597 2741 alios
1642 2696 1829 2763 repe·
1922 2681 1971 2743 1.
2021 2675 2329 2755 formae,
2386 2690 2511 2740 eta
2551 2677 3008 2743 Mediobarbo
3043 2696 3441 2769 argenteus,

313 2777 405 2837 rit
452 2775 534 2838 cl.
587 2776 841 2861 Zoega.
1569 2847 1582 2857 ,
1921 2775 1991 2837 in
2041 2772 2287 2859 quibus
2326 2773 2618 2838 Balbino
2664 2772 3009 2839 confertur
3049 2779 3208 2843 trib.
3247 2792 3442 2865 pote-

1924 2869 2054 2933 stas
2093 2869 2225 2946 11..
2280 2869 2395 2953 qui
2440 2871 2618 2934 adeo
2649 2869 2886 2934 favent
2924 2890 3160 2938 eorum
3194 2875 3446 2939 senten-

888 2964 1008 3031 No
1029 2965 1130 3028 mi
1148 2984 1270 3031 na.
1921 2968 2104 3043 tiae,
2159 2967 2275 3051 qui
2311 2966 2665 3052 imperass'e
2710 2967 2901 3031 illum
2954 2988 3105 3035 cum
3161 2970 3448 3057 conlega

1926 3081 2174 3125 annum
2225 3082 2428 3126 unum
2458 3110 2480 3141 ,
2532 3066 2693 3146 quin
2737 3076 2805 3126 et
2852 3065 3023 3132 duos
3074 3067 3446 3131 adseruere.

412 3158 844 3227 BALBINI.
897 3158 1187 3224 Decimus
1221 3156 1461 3224 Caelius
1501 3155 1831 3224 Bathinus.
1928 3163 2018 3220 At
2044 3162 2181 3239 jam
2224 3159 2421 3244 supra
2458 3160 2524 3221 in
2560 3161 2941 3225 Maximino
2966 3164 3444 3247 probavimus,

245 3327 256 3334 ,
306 3258 398 3323 In
430 3255 662 3341 inligni
704 3255 1162 3320 Alexandrino
1219 3253 1422 3317 musei
1479 3252 1830 3316 Caesarei:
1925 3265 2060 3318 tres
2088 3255 2355 3316 circiter
2388 3255 2685 3331 menses,
2737 3273 2953 3337 neque
2973 3256 3293 3342 amplius,
3323 3258 3447 3320 ho·

313 3357 407 3417 A.
449 3353 533 3414 K.
570 3351 772 3416 ΔΕΚ.
816 3353 900 3414 K.
943 3354 1084 3415 AN.
1141 3349 1594 3441 BAABQNOC.
1657 3349 1834 3413 (ΖΕΒ.
1925 3369 2070 3410 rum
2114 3348 2374 3410 durasse
2410 3350 2792 3431 imperium.
2863 3350 3093 3429 Quare
3125 3350 3450 3434 praestat,

305 3448 590 3514 ,Nomen
626 3446 764 3510 AN.
805 3447 1118 3529 aenigma
1181 3444 1307 3521 est,
1359 3446 1542 3529 quod
1579 3464 1663 3507 an
1722 3464 1834 3506 ex·
1925 3443 2051 3505 hos
2089 3461 2330 3505 numos
2368 3455 2486 3512 aut
2507 3442 2801 3526 spurios,
2869 3456 2988 3505 aut
3024 3444 3200 3506 male
3231 3444 3447 3506 lectos

307 3543 641 3629 piendum
697 3541 770 3603 lit
805 3540 1089 3625 legendo
1136 3541 1426 3615 Annius,
1478 3539 1587 3601 vel
1632 3539 1834 3605 Anto·
1924 3537 2262 3622 suspicari.
2315 3535 2512 3602 Certe
2542 3538 2710 3601 mihi
2733 3537 2978 3601 fimilea
3010 3538 3244 3603 videre
3279 3556 3446 3604 non·

305 3642 523 3715 ninus,
574 3637 686 3700 vel
722 3636 943 3714 aliter,
995 3638 1097 3699 ab·
1128 3638 1281 3699 aliis
1312 3636 1583 3698 edoceri
1611 3639 1838 3718 cupio.
1927 3634 2085 3697 dum
2124 3634 2336 3698 licuit.

417 3734 844 3801 PVPIENI.
894 3735 997 3799 M.
1034 3732 1284 3799 Clodius
1317 3733 1634 3815 Pupienus
1685 3732 1834 3795 Ma·

311 3832 568 3909 ximus,
621 3831 842 3894 numis
884 3830 1229 3915 perspicue
1256 3827 1656 3892 docentibus
1691 3840 1834 3889 tam
2527 3827 2631 3895 Co
2655 3827 2853 3913 nsul-

316 3925 629 4004 Latinis‚
681 3946 851 4009 quos
893 3930 1231 4001 vidimus,
1285 3945 1489 4009 quam
1526 3922 1838 4001 Graecia,

311 4020 393 4084 in
439 4023 675 4106 quibus
720 4023 811 4086 M.
868 4026 1234 4092 ΠΟΤΠΙΗ.
1288 4019 1707 4088 ΜΑΞΙΜΟΕ.
1768 4021 1836 4082 in
2021 4017 2381 4085 Balbinum
2415 4020 2484 4086 in
2523 4023 2744 4087 numia
2784 4022 2920 4087 dici
2959 4023 3293 4088 consulem
3316 4023 3446 4104 11.,

308 4136 527 4183 numo
563 4117 840 4202 Siphai,
893 4116 1307 4203 (Theupoli)
1350 4131 1416 4180 et
1454 4116 1744 4178 (imiliter
1769 4117 1837 4178 in
1926 4134 2359 4199 nequaquam
2400 4119 2689 4196 mirum,
2740 4139 2897 4182 nam
2939 4120 3042 4185 bis
3083 4140 3235 4184 eum
3284 4141 3443 4205 pro-

307 4213 823 4277 Alexandrinis.
878 4213 1344 4301 Capitolinus,
1397 4233 1545 4276 cum
1586 4213 1652 4274 in
1684 4211 1837 4276 aliis
1923 4212 2176 4275 cel'siss'e
2218 4233 2462 4279 revera
2493 4212 2814 4281 testantur
2851 4216 3324 4291 Herodianum,
3376 4226 3445 4278 et
3490 4273 3497 4278 .

301 4309 753 4394 scriptoribus
800 4311 1226 4388 Maxumum,
1280 4310 1348 4372 in
1393 4308 1547 4372 aliis
1593 4310 1835 4392 Pupie·
1925 4305 2372 4393 Capitolium.
2462 4309 2593 4384 Sed
2636 4325 2702 4375 et
2736 4315 3073 4398 Pupienus
3117 4315 3187 4374 in
3222 4300 3445 4374 numia

289 4429 3411 4480 ⁴.--———---——--—..——-—-——--.—-fi---————-2--—.-.-—-....-...--.-...—.---..-.-

381 4518 446 4586 ι)
483 4515 618 4573 Rae.
649 4518 728 4571 n.
763 4535 826 4589 p.
863 4518 936 4575 v.
1109 4516 1176 4586 b)
1206 4519 1263 4570 in
1299 4514 1615 4573 Maximino
1646 4517 1763 4587 jun.
1796 4533 1921 4592 up.
1958 4516 2058 4572 uh.
2150 4495 2165 4502 “
2233 4520 2286 4587 ο)
2340 4513 2611 4594 capas,
2829 4592 2893 4676 Q

2915 4614 2960 4677 q
3009 4611 3047 4659 2
