4242 5459
3203 495 3232 530 1

1389 547 2270 637 coMMoDvs'
3214 607 3351 671 ‚v

254 739 686 842 Ephess'a‘pud
730 725 1194 836 Harduin'um,
1245 766 1321 820 ut
1376 756 1541 819 oum
1603 756 1742 822 Ha-

256 856 530 917 drianus.

76 1017 79 1130 ἶ
636 1042 1002 1111 Τνὶόιιηίσία
1044 1043 1336 1132 potestas.

242 1219 251 1226 -
341 1182 640 1247 Diximus
679 1182 770 1245 ad
806 1199 1055 1243 annum
1094 1180 1173 1241 V.
1212 1178 1286 1244 C.
1314 1197 1488 1263 930,
1541 1175 1744 1243 Com-

261 1280 511 1342 modum
549 1278 984 1343 tribuniciam
1031 1273 1425 1361 potestatem
1465 1294 1548 1339 eo
1601 1275 1744 1362 ipso

76 1435 77 1448 ,
263 1395 416 1439 anno
450 1374 779 1460 suscepiss'e
803 1423 825 1456 ‚
877 1384 948 1436 at
985 1385 1130 1436 tam
1171 1369 1557 1458 perversam
1604 1374 1744 1451 ejus

76 1483 79 1558 l
262 1469 514 1535 iteratae
555 1472 679 1535 efl'e
714 1470 1079 1547 rationem,
1130 1480 1203 1530 ut
1239 1468 1563 1531 hactenus
1606 1486 1748 1530 mo-

265 1570 372 1629 dus
418 1580 710 1652 repertus
747 1585 881 1628 non
924 1565 1039 1646 fit,
1093 1584 1230 1649 quo
1294 1564 1417 1627 illa
1444 1563 1512 1625 in
1568 1563 1779 1627 ordi··

266 1683 394 1724 nem
424 1665 850 1749 redigeretur.
905 1666 990 1724 At
1023 1680 1147 1723 nos
1190 1680 1344 1722 eam
1377 1651 1745 1722 difficulta-

264 1772 374 1819 tem
410 1781 486 1821 ex
523 1757 865 1845 proposito
909 1756 1367 1843 expendemus
1405 1757 1474 1819 in
1538 1754 1745 1842 fingu-

258 1853 367 1927 lari
407 1858 483 1918 de
522 1856 653 1919 hac
691 1863 1009 1919 tractatu.

654 2044 958 2131 Pontifex
989 2047 1326 2110 maximus.

342 2221 491 2284 Dixi
532 2223 618 2284 ad
657 2241 905 2284 annum
942 2225 1023 2285 V.
1067 2220 1144 2287 C.
1199 2240 1375 2304 937,
1444 2220 1580 2282 hoe
1633 2221 1753 2281 de-

76 2243 79 2444 Ι
263 2338 420 2378 mum
452 2337 626 2380 anno
670 2319 739 2379 in
776 2329 1050 2380 moneta
1104 2316 1472 2379 Commodi
1521 2316 1741 2400 ponti-

259 2415 469 2476 ficatus
502 2412 790 2476 maximi
820 2413 966 2475 fieri
1017 2413 1448 2476 mentionem.
1516 2411 1739 2477 Video

264 2519 455 2572 tamen
482 2559 502 2592 ,
555 2530 707 2571 eum
748 2511 889 2589 iam
927 2510 1069 2572 dici·
1107 2505 1523 2594 ponti-ficem·
1554 2525 1747 2567 max:

261 2606 315 2666 in
350 2624 675 2669 marmore
703 2602 987 2668 fratrum
1029 2602 1391 2680 arvalium‚
1443 2601 1627 2687 quod
1653 2597 1744 2663 est

260 2701 316 2763 in
349 2701 734 2766 Marinianis
773 2701 1013 2764 tabula
1073 2699 1390 2774 xxxn„
1435 2696 1741 2771 ,consuli-
1781 2713 1785 2718 ’

260 2793 371 2859 bus
409 2796 782 2861 Commodo
816 2797 932 2862 lv.
982 2809 1051 2859 et
1081 2793 1159 2859 C.
1193 2794 1468 2858 Aufidio
1509 2798 1739 2859 Victo·

264 2894 395 2956 rino
425 2894 540 2971 11.‚
591 2894 707 2977 qui
743 2912 989 2956 annum
1036 2893 1554 2979 praecedentem
1599 2893 1755 2972 936·

262 2986 592 3072 fignabant.
645 2991 735 3051 At
794 2988 1081 3051 observo
1114 2987 1345 3061 etiam,
1395 2988 1461 3048 in
1495 2987 1747 3048 eodem

263 3083 705 3161 marmore'bis
726 3083 1097 3148 Commodi
1136 3084 1369 3144 titulos
1409 3081 1739 3157 enarrari,

267 3190 328 3238 et
365 3181 569 3263 priore
608 3180 883 3264 quidem
917 3180 1075 3243 loco
1114 3178 1241 3239 [ine
1276 3178 1514 3239 addito
1542 3178 1615 3238 P.
1640 3176 1739 3238 M.

213 3271 217 3275 ’
261 3263 473 3354 titulo,
520 3274 628 3361 qui
668 3288 897 3339 tamen
944 3276 1160 3339 altero
1220 3272 1378 3334 loco
1444 3273 1736 3335 additur.

258 3367 345 3433 Ex
382 3392 506 3455 quo
549 3373 837 3454 conjicio
865 3417 884 3450 ‚
936 3370 1206 3433 labente
1256 3369 1387 3430 hoc
1434 3386 1611 3430 anno
1652 3370 1733 3431 V.

260 3462 325 3526 C.
374 3471 506 3551 936
557 3469 747 3534 ,hunc
793 3467 1179 3530 Commodo
1239 3464 1572 3525 honorem
1625 3480 1734 3525 ac·

259 3563 479 3627 cessill'e
532 3565 863 3646 sequente·
899 3555 1156 3625 deinde*
1195 3578 1372 3623 anno
1420 3569 1735 3619 monetae

254 3653 527 3740 illatum,
577 3658 696 3722 nist
742 3657 919 3721 forte
977 3677 1257 3740 arguere
1322 3653 1470 3735 quis
1518 3647 1687 3712 velit
1716 3696 1736 3726 ,

255 3757 737 3834 quadratarium
773 3755 999 3842 exigui
1032 3750 1359 3838 temporis
1404 3745 1739 3834 prolepfin

253 3844 347 3911 fibi
379 3851 756 3936 permifiss'e.
1314 3891 1318 3895 -
1398 3875 1415 3892 ·>

719 4044 1233 4125 Imperator.

248 4170 577 4262 Imperator
603 4197 1000 4265 praenomen.

76 4301 83 4374 ἵ
324 4312 698 4378 Secundum
738 4316 988 4401 duplex
1035 4310 1421 4394 Lampridii
1449 4310 1737 4374 testimo·

297 4524 348 4588 a)
386 4527 439 4575 in
478 4525 667 4578 Aurel.
702 4534 837 4578 nota
870 4522 1009 4594 XX.
1182 4520 1239 4593 b)
1280 4518 1357 4576 ad
1389 4519 1572 4591 Thes-9.
1596 4521 1802 4583 Mutat,

325 4597 505 4680 (Vol.
546 4603 751 4683 Vll.)

1827 761 2053 843 nium,
2106 764 2291 846 quod
2330 763 2396 826 in
2419 763 2924 852 Prolegomenis
2973 775 3062 836 ad
3101 794 3350 840 numos

1832 857 2201 921 Commodi
2228 859 2550 938 laudavi,
2603 862 3020 948 Commodus
3047 889 3196 933 oum
3224 893 3350 956 pa-

1828 955 2185 1035 nedictus
2219 954 2305 1017 est
2345 957 2719 1041 imperator
2771 963 2881 1025 die
2916 963 3350 1031 XXVII.No·

1830 1049 2135 1113 vembris
2181 1052 2262 1115 V.
2304 1051 2382 1115 C.
2431 1071 2593 1134 929.
2661 1056 3139 1125 Tillemontius
3181 1062 3355 1128 haec

1830 1143 2218 1231 Lampridii
2266 1147 2486 1212 verba
2526 1152 2712 1235 capit
2765 1154 2851 1215 de
2894 1157 3095 1220 titulo
3145 1160 3357 1245 impe·

1830 1244 2082 1305 tatoris
2131 1255 2217 1305 ex
2253 1245 2585 1311 victoriis,
2630 1252 2686 1325 ⁸)
2766 1251 3018 1315 Verum
3078 1252 3120 1315 fi
3159 1252 3354 1336 istud,

1831 1349 2013 1401 certe
2058 1339 2372 1404 Aurelius
2417 1353 2615 1427 pater
2652 1337 2811 1406 inde
2858 1347 2946 1409 ab
2976 1348 3110 1412 hoc
3153 1351 3263 1413 die
3287 1352 3360 1416 in

1829 1437 2052 1499 numis
2089 1437 2425 1500 diceretur
2456 1433 2645 1504 IMP.
2681 1441 2793 1504 IX.
2815 1487 2836 1519 ‚
2914 1464 3066 1507 cum
3125 1459 3360 1512 tamen

1830 1529 1888 1592 is
1927 1531 1997 1594 in
2059 1535 2282 1598 numis
2348 1535 2505 1596 anni
2567 1533 2898 1619 sequentis
2958 1543 3099 1622 jam
3165 1544 3357 1608 incli-

1830 1628 2055 1690 nantis
2096 1628 2320 1693 adhuc
2358 1643 2552 1693 vetus
2591 1631 2774 1695 suum
2817 1635 3006 1700 IMP.
3039 1639 3224 1703 v111.
3251 1660 3353 1702 re·

1829 1723 2064 1787 tineat.
2118 1723 2398 1806 Quade
2432 1727 2655 1805 causa,
2710 1743 2778 1792 et
2814 1750 2964 1792 cum
2993 1744 3353 1817 praeterea
3461 1738 3482 1756 ‘

1831 1819 2146 1903 copiosos
2185 1819 2564 1884 habeamus
2602 1827 2763 1888 anni
2806 1827 2890 1890 V.
2929 1824 3008 1893 C.
3054 1849 3192 1912 930
3235 1849 3354 1893 nu·

1829 1933 2007 1993 mos,
2058 1917 2125 1979 in
2172 1917 2414 1999 quibus
2445 1917 2870 1985 Commodus
2908 1927 3113 1989 utit‘ur
3156 1945 3356 2010 prae·

1825 2014 2105 2074 nomine
2145 2017 2547 2096 imperatoris
2605 2027 2672 2078 et
2709 2016 2945 2081 laurea
3003 2022 3072 2084 in
3124 2023 3351 2105 capite
3390 2088 3401 2104 .

1827 2106 2089 2191 absque
2123 2110 2602 2198 tamen-adhuc
2630 2113 2899 2196 Augusti
2938 2116 3163 2193 titulo,
3205 2129 3351 2180 'cer-

1825 2214 1971 2263 tum
2055 2202 2369 2280 videtur,
2458 2223 2503 2266 a
2557 2205 2959 2291 Lampridio
3020 2212 3351 2297 intelligi,
3407 2257 3412 2264 -

1830 2295 2289 2360 Commodum
2333 2310 2474 2360 tum
2515 2304 2697 2383 patri
2731 2304 2798 2365 in
2831 2305 3122 2390 imperio
3154 2306 3346 2370 fuiss'e

1826 2390 2153 2454 sociatum
2180 2436 2199 2467 ,
2236 2404 2302 2455 et
2324 2395 2465 2474 iam
2503 2395 2988 2481 imperatorem
3026 2403 3163 2466 dici
3193 2418 3352 2465 cona

1825 2487 1988 2572 piss‘o
2021 2487 2239 2550 dilato
2302 2488 2529 2553 adhuc
2584 2491 3009 2575 aliquamdiu
3075 2495 3347 2585 Augusti

1828 2580 2201 2666 vocabulo.
2275 2582 2449 2648 Cum
2483 2588 2704 2651 nuruis
2750 2591 3136 2677 conspirant
3169 2614 3347 2658 mar-

1827 2699 2026 2744 mora
2042 2678 2315 2745 fincera.
2337 2680 2448 2745 Sic
2477 2684 2545 2747 in
2564 2703 2674 2762 eo,
2698 2688 2883 2770 quod
2905 2689 2996 2752 ab
3021 2689 3345 2771 Oderico,

1824 2779 1987 2841 viro
2030 2776 2522 2858 eruditissimo,
2574 2784 2843 2870 accepit
2881 2785 3236 2865 Donatus,
3275 2775 3360 2867 ¹³).

1828 2885 1897 2934 et
1954 2870 2043 2934 ost
2080 2875 2243 2936 anni
2289 2875 2374 2938 V.
2431 2874 2510 2939 C.
2570 2896 2752 2961 930,
2803 2878 3088 2964 legitur}
3155 2883 3343 2947 IMP.

1826 2963 2078 3035 CAES.
2152 2969 2234 3035 L.
2321 2972 2748 3039 AVRELEO.
2834 2972 3344 3043 COMMODO.
3436 3005 3442 3012 ·

1824 3063 2021 3127 COS.
2088 3062 2425 3151 suppresso
2473 3069 2704 3134 adhuc
2771 3070 3054 3157 Augusti·
3123 3074 3347 3143 titulo.

1826 3161 2090 3223 Eadem
2131 3162 2396 3223 ratione
2431 3165 2809 3254 Antoninus
2826 3165 2983 3231 Pius
3008 3170 3076 3230 in
3109 3171 3353 3255 primis

1824 3257 1953 3317 suis
1987 3257 2210 3318 numis
2250 3256 2571 3341 praefixit
2616 3263 2894 3324 titulum·
2941 3264 3167 3342 IMR,
3234 3262 3349 3331 effi

1822 3349 2152 3435 Augustus
2192 3354 2492 3415 nondum
2538 3355 2715 3420 ess'et.
2783 3358 3344 3438 Quod-Commo·
3417 3357 3422 3366 '

1823 3448 1950 3507 dus
1993 3447 2060 3506 in
2116 3448 2350 3530 primis
2382 3449 2509 3512 suis
2563 3452 2720 3514 anni
2763 3469 2901 3533 930
2951 3456 3172 3514 numis
3217 3453 3347 3516 illo

1823 3538 2174 3620 abstinuit,
2264 3547 2404 3622 ejus
2473 3545 2850 3607 verifimilis
2911 3549 3109 3610 causa
3174 3550 3346 3624 erit,

1826 3637 2012 3718 quod
2046 3638 2155 3700 hic
2189 3640 2461 3721 quidem
2486 3638 2706 3700 honos
2737 3641 2798 3701 ei
2833 3641 3016 3703 dicto
3048 3643 3157 3704 die
3183 3642 3344 3705 anni

1824 3733 2292 3814 praecedentis
2314 3731 2517 3794 fuerit
2551 3734 2881 3812 decretus,
2936 3747 3008 3798 at
3038 3738 3341 3821 aliquan-

1778 3896 1787 3905 ,
1825 3835 1899 3890 t'o
1947 3827 2149 3891 serius
2214 3848 2336 3911 per
2380 3828 2689 3912 publicas
2733 3833 3188 3897 caerimonias
3223 3832 3343 3898 sta-

1824 3922 2103 3999 bintus,
2202 3935 2269 4002 et
2330 3924 2398 3986 in
2470 3925 2651 3987 usum
2713 3940 3070 4013 receptus,
3160 3934 3348 4009 cujus

1828 4019 2148 4105 exempla
2176 4022 2316 4099 jam
2354 4021 2536 4083 alias·
2568 4023 2763 4105 plura
2805 4024 3125 4094 vidimus.
3180 4026 3346 4090 Cer-

1825 4130 1893 4179 te
1937 4118 2142 4178 iidem
2189 4115 2551 4179 Commodi
2592 4119 2783 4180 numi
2827 4121 3166 4207 principio
3229 4143 3348 4188 an-

1831 4215 1909 4276 ni·
1938 4229 2075 4298 930
2116 4211 2347 4298 [ignati
2404 4211 2833 4277 tribuniciam
2894 4229 3165 4302 quoque
3222 4240 3346 4305 po-

1830 4308 2133 4374 testatem
2179 4311 2502 4386 reticent,
2570 4330 2706 4394 quo
2756 4323 2984 4375 tamen
3038 4328 3349 4402 tempore

1837 4539 1897 4595 P·
1942 4539 2057 4594 „¹7¹-
2887 4599 2958 4692 *S
