4242 5459
1071 550 1759 631 CLAVDIVS
1859 546 2581 628 GOTHICVS.
3241 575 3372 640 471

242 758 311 825 lo
350 754 494 844 post
557 756 802 821 ducum
855 754 1351 842 conspiratione
1406 754 1761 831 Gallieno,
1841 753 1922 822 P.
1965 756 2065 823 M.
2098 754 2359 818 TRAE.
2402 755 2488 819 11.
2527 748 2718 817 COS.
2785 751 2852 818 P.
2918 754 2992 819 P.
3046 752 3213 841 typis
3260 774 3368 820 va·

238 862 424 939 cujus
468 874 620 918 eum
658 853 891 917 saltem
950 852 1142 918 fuiffe
1193 857 1529 921 conscium
1577 871 1660 916 ne
1710 853 1761 915 ii
1845 855 1970 918 n'is
2005 852 2227 920 obviiS.
2280 853 2427 918 ΑΕ.
2462 850 2581 913 111.
2625 850 2824 933 (Mus.
2875 849 3061 918 caer.
3112 849 3366 935 Baad.)

242 955 513 1037 quidem
534 1000 555 1035 ‚
608 952 724 1035 qui
777 955 914 1032 ejus
944 942 1061 1012 ‘res
1112 951 1324 1035 gestas
1383 970 1620 1014 omnes
1668 950 1759 1013 ad

240 1051 504 1113 coelum
532 1047 834 1110 extulere
855 1094 875 1123 ‚
932 1048 1183 1110 audent
1209 1049 1411 1132 plane
1440 1046 1754 1122 inficiari,

237 1146 325 1209 ab
351 1144 658 1210 universo
681 1147 981 1207 exercitu
1008 1150 1383 1228 imperator
1408 1143 1752 1207 adclama-

232 1253 361 1318 tur‚
381 1244 566 1306 omni
585 1239 811 1303 senatu
838 1244 977 1321 ejus
1004 1241 1359 1304 arbitrium
1381 1242 1490 1304 die
1511 1239 1756 1306 xxiv.

234 1339 517 1414 Martii,
573 1356 707 1418 quo
752 1339 1045 1399 Romam
1087 1336 1383 1421 perlatus
1424 1338 1704 1401 nuncius
1730 1381 1754 1417 ‚

226 1431 703 1499 communibus
753 1431 978 1497 studiis
1017 1433 1534 1518 comprobante.

575 1625 659 1692 V.
687 1573 765 1691 C..
790 1648 961 1690 1021.
1013 1624 1093 1690 P.
1120 1624 1210 1689 X.
1245 1627 1406 1702 263.

250 1748 259 1757 ·
362 1720 497 1787 ΤΚ.
536 1724 613 1785 Ρ.
653 1722 832 1785 COS.
882 1720 1090 1786 DES.
1130 1723 1210 1784 P.
1253 1722 1355 1785 M.
1402 1722 1481 1786 P.
1530 1723 1611 1785 P.

451 1819 736 1883 Paterno
777 1818 880 1882 ΙΙ.
908 1864 925 1894 ,
979 1818 1354 1882 Mariniano
1399 1817 1515 1899 cofi

319 2008 706 2074 Gallienum
750 2010 817 2072 in
875 2010 1146 2095 superos
1200 2008 1430 2073 refert.
1485 2013 1743 2075 Aureo-

213 2109 320 2172 lus
356 2110 619 2192 praelio
665 2104 950 2169 inferior
990 2107 1273 2169 victoris
1338 2106 1399 2168 se
1461 2105 1744 2171 arbitrio

219 2205 593 2288 permittit,
644 2203 754 2266 sed
798 2202 886 2265 ab
932 2204 1123 2264 iratis
1165 2202 1490 2266 militibus
1518 2205 1745 2267 caedi-

212 2314 345 2363 tur.
403 2301 823 2363 Alamannos
862 2301 1191 2362 irruentes
1248 2318 1465 2384 prope
1516 2297 1741 2364 lacum

214 2396 564 2460 Benacum
608 2396 1067 2459 internecione
1105 2396 1348 2458 caedit.
1390 2395 1453 2478 ²)

252 2548 265 2555 -
315 2491 502 2558 Certi
540 2496 701 2556 anni
734 2491 929 2572 hujus
964 2491 1151 2554 numi
1193 2490 1447 2555 desunt.

560 2683 644 2751 V.
683 2684 748 2749 C.
788 2706 972 2749 1022.
1016 2683 1094 2749 P.
1122 2682 1205 2747 X.
1239 2685 1393 2762 269.

407 2781 541 2847 ΤΕ.
578 2783 655 2846 Ρ.
700 2782 800 2846 ΙΙ.
856 2781 1038 2846 COS.
1101 2780 1179 2844 P.
1220 2780 1316 2844 M.
1358 2780 1437 2847 P.
1490 2784 1571 2846 P.

412 2878 672 2944 Claudio
715 2879 898 2962 Aug.
938 2877 1042 2942 II.
1066 2922 1088 2954 ,
1138 2877 1418 2942 Paterno
1457 2878 1567 2963 coſs

311 3067 524 3133 Gothi
562 3071 822 3155 paratis
860 3070 948 3132 ad
969 3071 1206 3153 Tyrae
1246 3067 1414 3133 ostia
1451 3068 1557 3132 bis
1593 3069 1740 3133 mil·

210 3170 276 3233 le
328 3167 621 3230 navibus
678 3168 818 3243 (sex
867 3168 1082 3230 millia
1133 3167 1343 3230 tradit
1407 3165 1738 3249 Zosimus)

207 3263 672 3349 impositisque
737 3265 1055 3328 trecentis
1116 3262 1359 3347 viginti
1437 3262 1737 3326 millibus

203 3360 562 3426 hominum
602 3360 912 3436 Tomos,
966 3358 1543 3443 Marcianopolim
1603 3358 1734 3441 Cy-

204 3461 426 3521 zicum
449 3469 729 3522 tentant.
785 3458 1053 3540 Vbique
1083 3457 1581 3543 oppidanorum
1604 3457 1734 3517 vir-

2197 1047 2280 1112 V.
2310 1044 2377 1111 C.
2413 1035 2585 1127 1023.
2625 1044 2700 1110 P.
2738 1044 2824 1107 X.
2854 1060 3016 1128 εἷο.
3297 1111 3306 1119 ,

2032 1140 2168 1209 nt.
2212 1145 2290 1208 P.
2331 1143 2473 1207 III.
2512 1140 2689 1206 COS.
2729 1141 2806 1241 Ρ.
2856 1143 2955 1204 Μ.
2993 1144 3069 1206 P.
3105 1134 3186 1207 P.

2170 1238 2592 1305 Antiochiano
2618 1285 2636 1316 ,
2693 1239 2894 1325 Orfito
2933 1239 3046 1323 cos.

1935 1428 2205 1498 Gothos
2235 1435 2414 1496 intra
2435 1430 2705 1494 .Hae1ni
2735 1429 3036 1494 latebras
3074 1434 3380 1502 interna

1838 1531 2033 1594 cione
2079 1531 2308 1606 delet,
2360 1529 2689 1593 dedititiis
2742 1529 2992 1610 partim
3046 1530 3114 1593 in
3168 1554 3370 1605 exer-.

1836 1630 2041 1690 citum
2092 1627 2421 1702 adlecti9‚
2472 1626 2721 1709 partim
2760 1624 2848 1686 ad
2880 1643 3052 1709 opus
3083 1632 3218 1713 ruri
3259 1631 3358 1697 sa.

1833 1725 2147 1786 ciendum
2181 1723 2468 1787 adactis.
2517 1720 2703 1785 Peste
2733 1734 2874 1782 tum
2907 1720 3042 1784 late
3069 1727 3354 1808 grassan.

1833 1830 1899 1881 te
1932 1831 2283 1905 correptus
2330 1817 2469 1902 ipse
2529 1816 2855 1881 Claudius
2896 1821 3079 1900 apud
3120 1822 3354 1888 Sirmi-

1830 1936 1943 1976 um
1987 1918 2378 1979 Pannoniae
2410 1912 2845 1998 exstinguitur
2863 1914 3193 1981 incertum
3218 1942 3352 2005 quo
3453 1978 3460 1985 .

1830 2012 2073 2073 mense.

1924 2107 2028 2167 Ex
2051 2105 2350 2170 unanimi
2373 2103 2838 2169 historicorum
2873 2107 3181 2170 consensu
3201 2131 3352 2194 pro.

1828 2213 1979 2286 pter
2013 2203 2779 2287 morumintegritatem,
2826 2201 3168 2284 justitiam,
3211 2205 3353 2270 fru-

1827 2298 2221 2383 galitatem‚
2275 2300 2594 2363 virtutem
2639 2297 2957 2360 bellicam
2995 2299 3173 2362 inter
3203 2302 3346 2365 lau-

1827 2394 2212 2457 datissimos
2250 2395 2587 2480 principes
2636 2394 2958 2456 eximium
2997 2394 3222 2459 locum
3261 2400 3350 2462 est

1823 2491 2258 2576 promeritus.
2347 2492 2420 2552 In
2466 2492 2681 2571 majus
2730 2491 2981 2552 auxitre
3042 2495 3180 2572 eJ'us
3237 2494 3350 2558 fa-

1826 2606 2008 2649 mam
2061 2608 2183 2671 per
2240 2588 2705 2650 adulationem
2771 2586 2988 2650 videri
3046 2588 3348 2673 possent,

1826 2685 2009 2766 quod
2051 2703 2286 2745 eorum
2326 2683 2630 2768 plerique
2657 2682 2771 2746 sub
2797 2680 3164 2747 Constantii
3192 2707 3346 2773 pro·

1823 2782 2017 2864 genie
2050 2780 2400 2865 scripsere,
2453 2783 2640 2862 cujus
2686 2780 2865 2866 ipse,
2920 2794 2993 2843 ut
3047 2802 3209 2846 mox
3243 2787 3341 2848 vi-

1760 2923 1769 2929 ·
1825 2876 2159 2954 debimns,
2206 2878 2274 2938 in
2305 2877 2675 2956 majoribus
2697 2876 2828 2939 fuit
2855 2876 3344 2965 habitu3,quos

1821 2972 1996 3035 inter
2014 2973 2400 3036 Trebellius
2421 2974 2848 3037 laudatorem
2872 2976 3111 3059 tnagis,
3138 2997 3346 3059 quam

1822 3064 2208 3133 historicum
2259 3070 2437 3156 agit3
2492 3090 2729 3134 verum
2787 3073 3064 3134 easdem
3109 3073 3345 3138 laudes

1820 3167 2065 3229 recitat
2106 3166 2404 3230 Zosimus
2448 3165 2627 3230 testis
2676 3169 2786 3229 vel
2819 3168 2975 3228 ideo
3017 3167 3342 3245 sincerus,

1822 3264 2005 3345 quod
2054 3261 2559 3324 Constantinum
2611 3261 2870 3347 scriptis
2911 3262 3038 3324 suis
3096 3264 3342 3326 acerbe

1818 3357 2071 3441 ubique
2117 3356 2553 3441 persequitur.

1915 3453 2021 3514 De
2067 3472 2281 3516 uxore
2322 3474 2459 3517 non
2494 3451 2769 3519 constat.
2821 3454 3095 3517 Fratres
3133 3454 3342 3518 habu·

206 3568 352 3618 tute
383 3554 611 3637 reJecti
641 3573 762 3637 per
805 3551 965 3615 freti
1006 3552 1339 3639 angustias
1368 3553 1435 3615 in
1475 3557 1731 3637 Aegae·
1783 3547 1871 3614 ’it
1915 3551 2314 3637 Quintillum,
2384 3550 2495 3635 qui
2543 3552 2610 3612 in
2665 3552 2953 3634 imperio
2999 3550 3340 3627 successit,

205 3672 325 3714 um
375 3652 554 3714 enixi
598 3651 1050 3713 Macedoniae
1078 3651 1275 3714 urbes
1311 3661 1729 3735 oppugnant.

1818 3660 1886 3711 et
1929 3647 2205 3733 Crispum
2244 3660 2505 3730 patrem
2563 3646 2933 3727 Claudiae,
3004 3667 3178 3729 quae
3230 3649 3338 3709 de-

202 3751 459 3811 Verum
532 3747 829 3811 Claudio
903 3767 1055 3810 cum
1115 3767 1363 3832 magno
1427 3747 1729 3809 exercitu
1815 3758 2027 3828 nupta
2071 3744 2401 3828 Eutropio
2446 3742 2654 3805 filium
2689 3741 2930 3804 habuit
2965 3740 3336 3809 Constanti.-

206 3845 608 3908 adventanti
631 3843 911 3907 obviam
936 3844 1505 3930 progressiatroci
1535 3863 1727 3928 prae·
1813 3861 1927 3904 um
1960 3840 2287 3904 Chiorum
2331 3839 2606 3902 subinde
2648 3835 3031 3923 Augustum.

197 3941 303 4003 lio
342 3940 407 4001 in
439 3940 693 4004 Moesia
712 3942 1052 4026 superiore
1093 3940 1449 4004 vincuntur
1485 3960 1731 4023 magna

202 4033 621 4122 superstitum
666 4050 857 4118 parte
915 4037 1137 4116 fame,
1204 4036 1501 4124 frigore,
1554 4056 1729 4098 mor-

198 4131 621 4199 bis,hausta.
692 4131 981 4196 Claudio
1033 4147 1398 4219 propterea
1451 4133 1726 4197 honori·

201 4225 404 4293 ficum
442 4229 692 4294 Gothic?
729 4249 974 4291 nomen
1026 4233 1315 4294 accedit.

496 4328 681 4389 IMP.
737 4325 813 4388 C.
853 4326 1325 4391 CLAVDIVS.
1360 4325 1569 4394 AVG.
1614 4327 1728 4393 Ca·

489 4431 609 4506 put
634 4423 978 4489 radiatum.

1810 4320 1911 4395 A.

1908 3939 2125 4022 HuJ'us
2177 3956 2449 4022 quoque
2489 3938 2646 3998 anni
2682 3936 2870 3999 numi
2907 3937 3167 4002 incerti.

2367 4132 2565 4197 Numi
2613 4132 2787 4216 vagi.

2102 4290 2293 4390 mv.
2329 4325 2406 4390 e.
2452 4276 2927 4389 eL'Avmvs
2976 4322 3180 4387 AVG.
3245 4326 3340 4388 vex

2104 4423 2295 4489 IMP.
2341 4421 2819 4487 CLAVDIVS.
2858 4418 3066 4485 AVG.
3111 4422 3204 4485 vel
3224 4422 3333 4485 ad·

200 4540 3317 4583 ΝΜ

274 4632 333 4689 a)
372 4632 561 4685 Victor
595 4634 653 4684 in
692 4629 843 4701 Epit,
