4242 5459
928 573 1042 648 Μ.
1142 569 1832 654 AVRELIVS

258 772 550 840 CONG.
576 774 778 839 AvG.
802 775 955 843 1111.
976 778 1128 844 TR.
1151 779 1227 841 Ρ.
1240 778 1419 864 XXI.
1442 777 1627 842 IMP
1641 777 1796 847 1111.

1934 575 2768 654 ANTONINVS
3305 587 3408 673 ‘53

1879 790 2082 844 autem
2118 778 2644 865 pestilentiasuit,
2698 788 2766 843 ut
2811 775 3099 844 vehiculis
3130 777 3395 846 cadave-

264 872 473 936 COS.
504 876 614 935 111.
636 873 701 936 S.
734 871 810 936 C.
852 874 998 938 Duo
1018 877 1796 963 imperatores-fidentesin
1881 877 2098 964 rasint
2136 887 2497 960 exportata.
2569 877 2695 938 His
2739 877 2846 938 seu
2893 876 3234 958 periculis,
3290 877 3400 940 seu

240 969 590 1056 suggestu,
666 971 869 1055 afflat
932 969 1347 1051 Liberalitas,
1400 972 1530 1037 alia
1565 974 1670 1056 fig
1674 994 1751 1035 m·
1756 993 1795 1035 a

248 1064 657 1151 per-gradus
673 1065 1076 1154 adscendente.
1132 1068 1271 1132 ΛΕ.
1303 1069 1352 1129 1.
1377 1068 1582 1153 (Mus.
1605 1069 1794 1131 Caes.

1885 972 2078 1034 malis
2118 975 2183 1033 in
2227 970 2591 1035 hostiarum
2633 973 2844 1034 caede
2885 973 3257 1034 remedium
3296 993 3395 1035 re-

1876 1068 2146 1153 ligiosus
2192 1070 2568 1153 imperator
2603 1066 2967 1152 quaesivit,
3034 1088 3203 1151 quas
3245 1081 3391 1132 tan-

258 1158 682 1246 Theupoli.)
753 1163 1121 1248 Perperam
1166 1163 1577 1227 Vaillantius
1617 1165 1683 1226 in
1721 1166 1795 1227 fi-
1876 1176 1947 1226 to
2006 1183 2292 1228 numero
2350 1165 2692 1227 immolari
2747 1164 2972 1246 jussit,
3048 1176 3122 1227 ut
3177 1163 3394 1229 boves

260 1258 419 1320 mili
457 1256 619 1342 legit
662 1258 844 1322 IMP.
896 1259 1017 1321 111.

368 1354 604 1416 Tanto
658 1355 920 1440 gratior
968 1356 1229 1440 populo
1274 1355 1444 1419 haec
1496 1354 1793 1419 liberali·

260 1462 379 1514 tas
436 1449 721 1529 exstitit,
789 1454 976 1536 quod
1042 1453 1225 1515 circa
1295 1450 1458 1514 istud
1520 1465 1790 1536 tempus

258 1548 467 1631 gravi
503 1544 687 1608 fame
721 1547 970 1632 press‘us
1005 1547 1174 1624 fuit,
1244 1562 1315 1612 ut
1374 1546 1580 1610 refert
1660 1547 1791 1611 Ca·

258 1642 621 1727 pitolinus,
688 1643 754 1725 ¹)
896 1640 1335 1707 Distributum
1427 1663 1586 1728 ergo
1659 1643 1790 1706 hoc

256 1733 693 1824 congiarium
736 1738 1199 1825 praesentibus
1237 1741 1460 1803 adhuc
1507 1743 1571 1802 in
1623 1740 1788 1803 urbe

251 1832 603 1922 Augustis.

1025 1931 1056 1963 Ι»

846 1984 874 2014 G
1204 1982 1235 2015 Ω

562 2025 797 2092 Eadem
828 2027 1101 2115 adversa.

250 2126 413 2188 ΤΒ.
460 2125 536 2186 Ρ.
578 2125 752 2212 XXI.
789 2125 974 2189 IMP.
1016 2123 1381 2211 lurcos.
1412 2123 1527 2190 111.
1581 2121 1786 2190 Vter-

246 2242 371 2307 que
411 2224 766 2305 imperator
800 2221 857 2284 d.
892 2241 1136 2284 ramum
1180 2224 1245 2282 in
1286 2223 1620 2305 quadrigis
1658 2227 1783 2284 tri-

246 2318 654 2401 umphalibus
684 2319 1081 2402 praecedente
1124 2317 1313 2379 milite
1345 2338 1478 2379 cum
1526 2318 1787 2395 ὠθεῖτο,-

238 2434 412 2499 pone
446 2425 729 2498 quatuor
777 2412 975 2500 bajuli
1002 2413 1314 2498 ferculum
1347 2415 1632 2500 gestant,
1663 2412 1782 2500 su-

239 2530 364 2595 per
393 2532 523 2598 quo
561 2521 929 2595 tropaeum,
982 2520 1041 2575 et
1072 2510 1194 2574 duo
1232 2510 1473 2592 captivi·
1484 2510 1783 2598 fidentes.

183 2655 198 2666 .
248 2607 395 2672 ΛΕ.
432 2626 621 2669 max.
653 2608 839 2671 mod.
874 2605 1093 2692 (Mus.
1131 2601 1356 2684 Caes.)

344 2702 710 2766 Recolitur
754 2704 823 2765 in
866 2703 1001 2766 hoc
1033 2720 1240 2764 numo
1293 2703 1623 2764 memoria
1664 2703 1785 2764 tri.

248 2799 497 2885 umphi
566 2798 910 2876 Parthici,
987 2816 1167 2863 anno
1232 2795 1570 2881 superiore
1625 2800 1781 2864 acti.

244 2894 635 2961 Praesentia
707 2887 895 2957 nunni
952 2895 1242 2978 pretium
1316 2907 1520 2978 auget
1575 2906 1780 2981 typus

240 2989 581 3077 triumphi
616 2989 1051 3076 locupletior,
1086 2993 1099 3003 ’

998 3086 1027 3118 ae

818 3138 847 3167 ί
1180 3137 1211 3170 fl

546 3181 783 3249 Eadem
812 3183 1090 3270 adversa.

245 3281 534 3344 VOTA.
560 3280 707 3344 ΤΒ.
737 3280 812 3342 Ρ.
837 3281 1018 3342 ΧΧῙ.
1052 3279 1239 3344 ῙΜΡ.
1268 3278 1420 3358 1111.
1443 3277 1631 3343 COS.
1656 3272 1776 3342 ΙΙΙ.

246 3377 420 3443 S.C.
480 3378 849 3460 Imperator
889 3385 1152 3461 togatus
1187 3375 1275 3440 ad
1315 3396 1498 3440 aram
1522 3368 1777 3463 sacrifi·

241 3484 365 3539 cat.
422 3470 592 3536 S.c.
649 3473 954 3556 (Theup.
994 3473 1162 3538 Mus.
1216 3468 1442 3551 Caes.)

340 3569 516 3634 Sunt
556 3567 732 3631 haec
780 3567 963 3631 haud
1004 3568 1210 3631 dubie
1262 3579 1427 3631 vota
1476 3564 1775 3652 suscepta

246 3667 335 3731 ad
370 3664 750 3728 evertenda
790 3665 1088 3748 ingentia
1138 3665 1361 3741 mala,
1416 3681 1590 3744 quae
1626 3675 1770 3723 tum

243 3762 607 3847 imperium
642 3761 987 3823 obsedere.
1055 3762 1114 3825 T
1108 3772 1325 3837 antus
1379 3760 1597 3841 inquit
1640 3756 1766 3820 Ca-

241 3860 615 3946 pitolinus»,
666 3846 732 3938 b)
804 3868 1019 3922 terror
1081 3856 1211 3922 belli
1277 3856 1771 3923 Marcomannici

226 3958 409 4043 suit,
459 3963 531 4018 at
567 3954 835 4038 undique
857 3953 1216 4038 sacerdotes
1252 3954 1622 4018 Antoninus
1667 3970 1764 4015 ac·

236 4054 461 4116 cives-it
481 4098 501 4129 ‚
546 4051 923 4135 peregrinos
975 4054 1141 4114 ritas
1186 4051 1560 4133 impleverit,
1631 4048 1764 4113 Ross

230 4170 403 4212 mam
441 4151 610 4212 omni
631 4166 858 4232 genere
901 4144 1250 4232 lustraverit
1270 4192 1288 4222 ‚
1361 4144 1762 4210 retardatus-

228 4264 352 4332 que
383 4265 428 4310 a
464 4244 672 4316 bellica
711 4242 1097 4328 profectione
1124 4244 1229 4332 fit.
1284 4280 1306 4295 -
1359 4281 1390 4295 -
1443 4280 1466 4294 .

294 4499 360 4560 a)
398 4499 460 4548 in
500 4493 680 4548 Aurei
715 4513 760 4546 e.
800 4511 886 4562 ¹3·
1056 4492 1119 4557 b)
1151 4495 1209 4546 in
1244 4493 1439 4551 Aurei.
1476 4510 1525 4553 e,
1569 4511 1648 4564 ¹3·

220 4583 288 4648 L.
328 4586 445 4641 111.
481 4600 537 4643 e.
576 4599 665 4653 27.

1820 4493 1874 4557 ο)
1910 4492 2240 4545 Ammianus
2274 4491 2341 4545 Ι..
2378 4487 2570 4549 XXV.
2606 4505 2653 4543 e.
2687 4507 2745 4560 5,

859 4586 915 4650 e)
956 4568 1040 4649 εἰς
1079 4573 1289 4636 {av-tor
1321 4581 1393 4642 L.
1430 4581 1478 4646 Ι.
1517 4579 1612 4635 rub
1647 4579 1743 4644 fin,
1780 4581 1844 4636 L.
1883 4581 1992 4642 lx.
2024 4583 2054 4652 5
2088 4598 2175 4652 ²7·

1874 1259 2012 1322 albi
2056 1259 2434 1347 epistolium
2471 1259 2745 1323 Caesari
2779 1263 2848 1324 in
2912 1259 3089 1324 hanc
3133 1261 3396 1325 senten-

1871 1359 2036 1419 tiam
2073 1359 2445 1421 mitterent·
2496 1362 2548 1434 ⁶)

1970 1556 2046 1617 Οι
2096 1560 2230 1626 enee
2298 1540 2355 1613 ὃι
2401 1553 2611 1614 λευκοι
2661 1550 2901 1637 Μαρκῳ
2966 1570 3057 1629 τῳ
3127 1555 3403 1638 Κοιισσιμι

2062 1744 2159 1806 Hv
2187 1741 2253 1806 δε
2285 1762 2357 1806 συ
2406 1758 2686 1822 νικησης,
2728 1733 2929 1824 ἄμμες
2961 1650 3388 1829 ,ἑῗιειεῗέὲιεθω

1964 1840 2169 1905 Boves
2198 1837 2329 1904 albi
2373 1841 2601 1904 Marco
2651 1837 2898 1924 Caesari
2917 1838 3201 1927 salutem.
3377 1857 3386 1866 ·

2053 1937 2175 2002 Sin
2222 1947 2291 2002 tu
2325 1939 2547 2001 viceris
2568 1982 2585 2013 ,
2635 1953 2752 1998 nos
2773 1938 3141 2020 perivimus.

1864 2127 2010 2191 Iam
2061 2145 2229 2190 vero
2268 2139 2338 2191 et
2383 2127 2546 2190 olim
2582 2138 2862 2212 propter
2909 2130 3193 2192 eandem
3233 2149 3390 2195 cau·

1864 2224 2000 2286 sam
2052 2223 2310 2307 optasse
2349 2235 2584 2284 tauros
2612 2267 2630 2299 ,
2684 2234 2752 2283 et
2783 2223 3076 2300 vitulos,
3130 2245 3211 2288 ne
3243 2230 3393 2300 Au-'

1864 2316 2080 2401 gustus
2119 2338 2204 2379 ex
2258 2318 2808 2402 peregrinatione
2858 2317 3078 2381 salvus
3115 2322 3390 2394 rediret,

1864 2411 2071 2475 refert
2102 2413 2383 2474 Seneca.
2424 2403 2488 2491 d)

1963 2508 2228 2571 Similia
2262 2508 2373 2591 qui
2404 2507 2606 2592 legit,
2657 2508 2978 2593 pendebit
3010 2511 3244 2589 animi,
3277 2531 3386 2575 ne·

1865 2626 1993 2689 que
2016 2605 2351 2668 rationem
2393 2606 2726 2689 reperiet,
2780 2625 2918 2690 qua
2956 2606 3206 2671 Aurelii
3241 2608 3388 2693 phi-

1862 2701 2243 2786 losophiam
2273 2713 2632 2784 tantopere
2658 2703 2840 2765 omni
2861 2723 3042 2767 aevo
3057 2706 3387 2785 jactatam·

1860 2817 2014 2862 cum
2066 2798 2199 2860 hac
2243 2800 2382 2879 ejus
2422 2794 2915 2882 superstitione,
2970 2820 3150 2884 quae
3184 2800 3386 2865 consi·

1858 2897 1999 2972 lio,
2053 2914 2138 2957 ac
2176 2895 2377 2957 sanae
2415 2896 2622 2957 menti
2673 2887 2901 2974 ἐρανιον
2950 2887 3091 2961 ὅσον
3141 2900 3388 2963 adver·

1860 2992 2086 3068 satur,
2142 2992 2351 3076 possit
2382 3010 2818 3075 componere.
2907 2996 3127 3077 Atque
3167 2994 3384 3059 multo
3435 3045 3441 3051 .

1764 3099 1771 3108 ’
1856 3089 1916 3150 is
1954 3089 2173 3173 magis
2210 3086 2590 3161 mirabitur,
2649 3107 2799 3149 cum
2840 3092 2990 3150 eum
3013 3089 3226 3173 ipsum
3263 3109 3386 3178 pa·

1860 3183 1997 3246 lam
2050 3181 2423 3268 professum
2460 3182 2740 3266 legerit,'
2790 3185 2920 3247 diis
2968 3184 3028 3246 se
3085 3186 3382 3266 debere,
3431 3183 3440 3192 ’

1859 3281 2041 3364 quod
2075 3297 2198 3361 per
2242 3277 2572 3340 insomnia
2621 3280 2927 3342 remedia
2966 3280 3084 3344 fibi
3130 3280 3385 3348 fuerint

1855 3377 2161 3439 indicata
2193 3394 2342 3456 cum
2376 3374 2538 3450 alia,
2589 3386 2731 3437 tum
2769 3375 3089 3439 adversus
3121 3376 3379 3463 sangui.

1855 3474 1960 3536 nis
1988 3468 2543 3546 exscreationern‚
2582 3482 2649 3532 et
2676 3471 2922 3554 eapitis
2957 3474 3380 3555 vertiginem,

1855 3564 1914 3650 e)
1933 3577 2050 3629 a‘ut
2070 3585 2222 3628 cum
2243 3566 2424 3648 apud
2451 3563 2827 3626 Lucianum
2852 3563 3113 3649 legerit,
3138 3556 3186 3644 f)
3211 3566 3367 3652 pas.

1860 3673 2006 3724 sum
2056 3682 2207 3724 eum
2254 3658 2446 3721 fuiss'e
2489 3661 2555 3721 in
2596 3657 2777 3720 bello
2822 3656 3232 3726 Germanico
3276 3661 3373 3727 bi·

1857 3777 1982 3820 nos
2014 3758 2249 3820 leones
2284 3756 2348 3816 in
2386 3753 2614 3816 Istrum
2659 3755 3004 3842 demergi,
3058 3771 3246 3824 certa
3272 3760 3377 3824 in:-

1854 3853 1940 3916 de
1982 3854 2310 3916 victoriae
2345 3851 2485 3936 spe,
2555 3850 3026 3936 suppeditante
3086 3875 3170 3920 ex
3223 3855 3373 3921 ulti·

1822 3970 1967 4013 .ma
2008 3949 2477 4033 Paphlagonia
2523 3949 2867 4011 confilium
2935 3950 3368 4032 Alexandro,

1853 4066 2050 4128 quem
2123 4044 2596 4131 philosophiae
2656 4046 3113 4127 adminiculo,
3182 4051 3368 4134 quod

1850 4143 2055 4206 serius
2087 4143 2346 4234 patuit,
2401 4139 2762 4225 agnoscere
2787 4140 3219 4229 impostorem
3263 4146 3367 4210 fa-

1524 4242 1764 4307 'Tanta
1844 4241 1979 4302 cile
2027 4248 2322 4326 poterat.
2399 4236 2579 4299 Inter
2623 4237 2751 4302 hos
2812 4238 3092 4304 alienati
3141 4245 3361 4307 'animi

2918 4488 2976 4557 d)
3013 4487 3087 4544 de
3116 4490 3356 4546 Benefio.

2369 4580 2418 4647 s)
2451 4583 2511 4634 in
2549 4577 2936 4642 Pseudonsnt.
