4242 5459
1622 528 2145 608 DECIVS.

334 734 396 801 d.
444 744 775 819 pateram,
808 734 866 821 s.
923 735 1341 819 cornucopiae.
1406 733 1551 798 AR.
1612 733 1746 796 ΑΕ.
1805 730 1858 799 Ι.

335 831 535 916 (Mus.
575 824 802 907 Caes.)

438 926 563 989 His
597 924 894 990 addendi
939 926 1324 1009 sequentes:

638 1021 732 1086 Vt
771 1022 865 1087 lit.
903 1024 991 1088 A.
1024 1024 1103 1089 B.
1155 1022 1231 1107 C.

337 1117 893 1183 PANNONIAE.
933 1119 1118 1185 Duae
1137 1118 1416 1209 mylieres
1445 1117 1682 1183 velatae
1688 1119 1862 1206 flan-

340 1225 433 1279 tes
472 1214 651 1277 vultu
694 1211 775 1277 ab
793 1215 865 1299 se
924 1219 1134 1301 averso
1156 1262 1175 1293 ,
1226 1226 1496 1302 utraque
1544 1214 1866 1280 dexteram

226 1330 235 1337 ·
341 1309 605 1386 attalia,
641 1309 845 1394 juxta
871 1311 1123 1398 signum
1162 1315 1456 1378 militare.
1552 1312 1628 1373 I'n
1668 1311 1861 1374 aliis:

333 1407 525 1473 Duae
544 1404 830 1470 mulieres
841 1410 1107 1492 stantes
1110 1410 1406 1473 dexteras
1427 1406 1713 1472 attollunt
1744 1425 1863 1470 me-

337 1501 442 1567 dio
476 1505 641 1564 inter
670 1499 789 1564 has
800 1504 987 1593 signo
1023 1504 1305 1569 militari.
1360 1506 1433 1567 In
1474 1504 1664 1567 aliis:
1682 1505 1867 1569 Mu·

335 1596 450 1661 tier
462 1598 648 1682 stans
701 1595 764 1659 d.
813 1598 1107 1681 galeam,
1162 1605 1221 1686 s
1264 1601 1511 1688 sgnum
1570 1602 1869 1665 militare.

334 1686 950 1756 AV.AR.AE.1.
1004 1693 1091 1761 11.
1145 1696 1351 1778 (Mus.
1401 1693 1628 1778 Caes.)

433 1788 534 1850 En
584 1784 729 1870 post
767 1787 1059 1853 Daciam
1100 1803 1553 1855 memoratum
1589 1812 1862 1879 quoque

340 1884 686 1967 Illyricum
718 1931 737 1960 ,
791 1897 857 1946 et
885 1896 1244 1970 utramque
1276 1887 1726 1965 Pannoniam,
1768 1888 1862 1951 su·

336 1981 675 2064 periorem
721 1978 1253 2047 etcinferiorem.
1306 1979 1527 2045 Causa
1574 1985 1753 2045 tanti
1794 1984 1865 2045 in

331 2074 460 2137 has
500 2077 887 2161 provincias
925 2074 1232 2145 adfectus
1281 2096 1713 2161 nequaquam
1751 2096 1861 2139 oc·

339 2171 523 2234 culta
540 2195 559 2245 ;
588 2191 773 2234 xnam
813 2172 883 2234 in
927 2171 1033 2233 his
1084 2172 1513 2235 adclamatus
1572 2174 1863 2256 primum

332 2267 736 2350 imperator,
790 2286 1021 2330 earum
1059 2265 1403 2352 legionum
1435 2264 1710 2331 fideiac
1731 2268 1863 2330 vir-

333 2363 465 2427 tuti
505 2363 761 2427 victum
812 2362 1046 2425 debuit
1080 2361 1515 2448 Philippum,
1565 2382 1682 2427 eas
1721 2373 1865 2425 tum

335 2479 381 2522 a
423 2456 889 2544 barbarorum⁵
910 2457 1398 2522 incursionibus
1448 2471 1568 2522 aut
1614 2457 1869 2521 libera-

336 2555 443 2619 vit
471 2601 491 2632 ,
542 2566 661 2618 aut
698 2551 1044 2630 defendit,
1096 2566 1165 2616 et
1198 2553 1433 2618 lauros
1491 2552 1609 2618 fibi
1662 2554 1730 2616 in
1777 2554 1864 2615 iis

286 2672 295 2675 ·
334 2651 736 2735 promeruit.
791 2648 1098 2714 Similem
1123 2650 1430 2714 aversam
1454 2651 1614 2715 vide
1651 2650 1718 2713 in
1744 2670 1864 2714 nu·

335 2748 469 2811 mis
511 2746 757 2812 Iuliani
793 2746 1093 2830 tyranni.

1072 2840 1107 2875 ss

634 2892 1866 3005 coucoRD1A.A’vovsToavM.

641 3036 866 3120 Capita
919 3034 1215 3121 adversa,
1281 3035 1460 3101 Decii
1502 3036 1862 3118 radiatum,

522 3168 526 3175 ·
632 3129 995 3219 Etruscillae
1026 3131 1205 3196 lunae
1237 3132 1597 3215 impositum.

208 3258 241 3271 ·
339 3229 692 3295 PIETAS.
736 3224 1406 3291 AVGVSTORVM.
1471 3228 1719 3313 Capita
1742 3226 1864 3293 ad-

337 3325 516 3411 versa
558 3322 729 3389 nuda
758 3321 1058 3387 Herennia·
1099 3331 1158 3387 et
1198 3322 1548 3408 Hostiliam.
1603 3324 1746 3387 AE.
1773 3344 1865 3388 m.

339 3444 436 3487 m.
478 3442 563 3484 ex
601 3417 786 3503 dupl.
824 3419 1126 3484 metallo.
1179 3418 1382 3504 (Mus.
1423 3415 1645 3501 Caes.)

452 3548 462 3565 ·
556 3522 565 3527 '
638 3515 877 3582 Amica
916 3516 1178 3582 incerta.

337 3612 681 3678 PIETAS.
731 3606 1001 3677 AVGG.
1052 3611 1414 3676 Mercurius
1425 3611 1605 3698 flans
1629 3610 1690 3675 d.
1722 3628 1864 3674 cru-

338 3730 611 3788 menam,
654 3710 705 3785 s.
736 3707 1076 3772 caduceum.
1135 3708 1278 3771 AR.
1334 3704 1730 3790 (Banduri.)

432 3807 659 3869 Docet
692 3805 803 3866 hic
856 3822 1133 3879 numuS,
1186 3804 1597 3867 Mercurium
1649 3824 1691 3867 a
1730 3803 1864 3865 De-

339 3903 496 3980 cio,
547 3905 823 3984 ejusque
886 3896 1156 3961 familia
1217 3908 1401 3971 (nam
1445 3903 1511 3962 in
1567 3898 1862 3963 filiorum

337 4009 616 4061 moneta
656 3996 827 4059 haec
871 3996 1106 4057 aversa
1167 3984 1623 4078 frequentior)
1673 4015 1862 4080 prae-

339 4096 544 4179 cipua
577 4095 826 4176 pietate
863 4089 1322 4154 observatum.
1376 4094 1636 4155 Eadem
1672 4110 1863 4154 aver-

335 4191 410 4253 sa
458 4186 546 4250 est
575 4189 782 4250 etiam
823 4188 890 4250 in
935 4190 1154 4248 numis
1193 4187 1613 4253 Numeriani.
1683 4189 1863 4251 Mer-

333 4286 597 4350 curium
641 4304 915 4367 quoque
960 4280 1175 4344 fistunt
1220 4285 1406 4345 numi
1443 4286 1542 4351 M.
1580 4285 1864 4365 Aurelii,

327 4383 445 4446 sed
483 4401 637 4445 cum
683 4380 1053 4466 epigraphe
1073 4377 1388 4509 *REMG
1424 4378 1651 4473 ⁹AVG.

1251 4530 1286 4569 8

428 4571 624 4660 (701.
664 4569 873 4651 VII.)
896 4532 927 4562 '⁸

3203 516 3216 521 ’
3301 565 3444 637 345

1943 725 2689 889 PVDICII'sslgnAiBsG.
2746 825 3221 917 Mulierfitdens
3272 834 3336 899 d.
3372 856 3473 901 ve-

1900 921 2068 984 'lum
2107 922 2299 1004 capiti
2347 917 2638 999 obducit,
2673 920 2733 1007 s.
2765 920 3027 1011 hastam.
3078 929 3222 991 AR.
3276 912 3470 1009 (Mus.

1950 1014 2175 1089 Caes.)

2045 1113 2273 1175 Etiam
2325 1110 2497 1175 haec
2552 1111 2789 1176 aversa
2852 1110 3064 1179 exstat
3110 1117 3179 1180 in
3249 1123 3475 1186 numis

1944 1206 2265 1285 filiorum,
2319 1208 2406 1269 n‘e
2439 1200 2617 1271 forte
2645 1210 2794 1293 quis
2826 1212 3191 1276 monetarii
3215 1213 3476 1300 lapsum

1947 1304 2315 1389 suspicetur
2332 1350 2352 1380 ,
2405 1323 2557 1367 cum
2580 1302 2725 1366 fere
2748 1304 3194 1390 Augustarum
3210 1306 3479 1377 tantum

1947 1402 2171 1463 numis
2201 1412 2405 1484 typus
2454 1401 2828 1484 pudicitiae
2879 1401 2952 1465 fit
2981 1406 3327 1489 proprius,
3374 1409 3478 1474 Eo

1949 1497 2135 1560 usum
2185 1515 2455 1579 quoque
2511 1496 2935 1559 Hadrianum
2976 1499 3294 1565 vidimus.

2249 1590 2316 1657 V
2315 1601 2343 1655 t
2377 1591 2468 1657 lit.
2504 1593 2590 1659 A.
2661 1592 2863 1677 Caput
2896 1591 3267 1661 laureatum.

1946 1688 2015 1753 S.
2066 1686 2142 1754 C.
2193 1688 2386 1754 Miles
2424 1690 2606 1777 flans
2639 1687 2703 1754 d.
2763 1689 3068 1777 clypeum,
3098 1692 3161 1780 s.
3220 1692 3477 1784 hastam.

1945 1786 2092 1849 AE.
2134 1784 2260 1853 111.

2041 1882 2143 1944 En
2182 1881 2619 1965 redivivosin
2661 1894 2941 1946 moneta
2964 1882 3048 1948 R.
3081 1905 3327 1954 numos
3348 1889 3474 1956 111.

1945 1977 2258 2053 formae,
2313 1978 2397 2040 de
2446 1997 2583 2061 quo
2625 1997 2789 2040 mox
2829 1977 3046 2061 plura.

1947 2072 2447 2232 VICTollzsItgrt
2452 2073 2637 2229 GCRR
2646 2167 2838 2230 MAN
2846 2167 3021 2235 ICA
3112 2177 3477 2261 Imperator
3493 2118 3498 2127 ·

1947 2280 2129 2347 eques
2180 2261 2238 2329 d
2289 2261 2454 2327 elata
2511 2272 2851 2349 praeeunte
2932 2263 3251 2340 Victoria.
3326 2278 3475 2340 AR.

1950 2357 2158 2442 (Mus
2193 2356 2409 2437 Caes.)

2045 2452 2312 2517 Bellum
2352 2474 2505 2518 cum
2540 2453 2897 2523 Germanis
2921 2456 3206 2527 aDecio
3228 2460 3479 2551 gestum
3534 2496 3538 2500 >

1948 2571 2034 2615 ex
2090 2549 2247 2612 solis
2310 2550 2418 2614 his
2486 2554 2707 2617 numis
2770 2552 3076 2637 constat,
3140 2558 3476 2629 historicis

1951 2648 2169 2711 altum
2198 2648 2607 2719 tacentibus,

2387 2844 2669 2913 Divus
2715 2846 3068 2916 Decius..

2243 3036 2433 3102 lMP.
2545 3038 3046 3129 TRAIANVS.
3134 3039 3492 3112 DECIVS.

1958 3140 1973 3153 '
2242 3124 2460 3197 AVG.
2516 3134 2718 3220 Caput
2762 3120 3111 3203 radiatum.

1953 3224 2622 3294 CONSECRATIO.
2671 3232 2827 3297 Ara
2853 3235 3085 3318 ignita.
3117 3234 3265 3301 AR.
3320 3237 3485 3313 (Ta-

1949 3320 2163 3403 mni.)

2050 3416 2337 3480 Decium
2403 3415 2597 3481 fuisse
2660 3420 3164 3498 consecratum,
3232 3360 3484 3507 scripsit

1948 3512 2359 3596 Eutropius„
2424 3525 2490 3574 et
2547 3511 2898 3577 testaretur
2959 3519 3170 3577 etiam
3241 3534 3484 3583 numus

1946 3609 2264 3693 praesens
2289 3655 2309 3686 ‚
2363 3605 2479 3669 nifi
2515 3605 2795 3689 suspicio
2835 3610 2994 3673 esset
3031 3612 3213 3675 male
3270 3613 3486 3678 socia·-

1947 3714 2060 3767 tae
2098 3703 2376 3767 aversae
2398 3751 2418 3783 ‚
2472 3703 2633 3783 quia
2665 3705 2732 3766 in
2768 3708 3000 3770 antica
3034 3708 3194 3776 Divi
3227 3713 3488 3777 mentio

1947 3797 2177 3878 abest,
2229 3799 2410 3883 quod
2467 3798 2833 3892 suspicatus
2893 3805 3040 3889 jam
3108 3808 3318 3872 etiam
3400 3806 3494 3873 est

1945 3896 2010 3959 T
2014 3895 2301 3962 aniniuS.

2284 4055 2385 4121 De
2432 4057 2649 4139 nantis,
2686 4057 2864 4123 Decii
2913 4064 3136 4128 aeneis.

2047 4189 2445 4254 Novitatem
2485 4192 2864 4278 imperante
2927 4195 3144 4263 Decio
3211 4204 3277 4266 in
3338 4224 3483 4270 rem

1950 4289 2401 4351 monetariam
2462 4290 2805 4355 invectam
2893 4306 3011 4356 aut
3059 4299 3486 4367 resuscitatum

1950 4394 2249 4446 veterem
2275 4405 2536 4449 morem
2558 4388 2878 4475 numiipsi
2900 4391 3285 4475 loquuntur.
3312 4399 3487 4465 Eam

1942 4480 2243 4567 primum
2292 4483 2589 4569 produnt
2606 4488 2794 4552 numi
2815 4492 3159 4556 maximae
3191 4494 3490 4577 formae,

2948 4588 3092 4655 Xx
