4242 5459
1112 489 1989 633 ‘ANTONINVS
2091 547 2408 623 P1vs,
2571 559 2576 568 ·
3039 534 3054 546 “
3299 545 3345 646 3

272 762 527 824 additus
545 772 764 846 tamen
788 760 940 820 effet
960 758 1190 822 titulus
1216 755 1525 842 pontificis
1545 753 1756 817 maxi·

268 852 364 920 aii.
450 860 539 917 At
574 853 819 916 rursum
875 870 935 915 a·
971 873 1081 915 me
1135 854 1432 915 curatius
1480 847 1760 932 inspecti

268 964 607 1033 utrumque
664 949 990 1011 honorem
1071 946 1426 1012 manifesto
1489 946 1760 1027 conjun-

269 1059 455 1133 gunt,
507 1058 580 1108 ut
621 1046 940 1108 continuo
970 1044 1201 1129 palam
1239 1041 1378 1106 fiet.

778 1233 1009 1338 ..Eodem
1057 1254 1222 1300 anno

578 1425 716 1495 m.
748 1426 827 1491 P.
867 1424 1050 1494 σος.
1096 1424 1302 1494 DES.
1343 1425 1448 1492 ΙΙ.
1491 1425 1577 1494 Ρ.
1607 1409 1710 1491 M.

744 1523 977 1607 Incipit
1021 1522 1128 1589 ΡΙ
1133 1519 1274 1588 VS.

304 1426 520 1495 21⁷6.

347 1715 623 1779 Mortuo
660 1715 770 1778 die
802 1714 883 1778 X.
917 1713 1072 1775 Iulii
1119 1713 1303 1797 apud
1344 1713 1553 1777 Baias
1618 1714 1758 1778 Ha·

265 1811 481 1874 driano
513 1810 851 1896 Augustus
897 1809 1163 1874 dicitur.
1210 1809 1418 1895 (Vide
1466 1810 1758 1873 Hadria·

263 1925 403 1969 num
430 1908 520 1970 ad
556 1908 745 1970 hunc
778 1901 1091 1986 annum.)
1139 1904 1313 1967 Eum
1349 1906 1595 1970 acriter
1639 1907 1758 1970 ad-

262 2002 541 2068 versante
588 1995 888 2089 'primurn
938 1999 1213 2077 senatu,
1266 2020 1428 2064 mox
1479 2004 1759 2066 cedente

158 2151 165 2162 .
263 2098 607 2163 consecrat.
695 2097 816 2183 (V.
878 2114 1120 2160 numos
1178 2096 1323 2160 divi
1362 2096 1758 2181 Hadriani.)

259 2191 325 2255 In
369 2214 615 2257 annum
660 2193 1044 2277 sequentem
1095 2191 1477 2278 defiguntur
1531 2194 1761 2258 consul

261 2287 502 2354 iterum.
577 2288 710 2353 ΡΠ
754 2287 1285 2374 appellationem
1327 2290 1644 2375 deinceps
1685 2293 1759 2352 in

260 2388 455 2449 nurnis
480 2383 870 2451 constanter
905 2385 1298 2447 duraturam
1337 2386 1601 2469 recipit.
1652 2385 1761 2448 De

261 2500 422 2543 novo
448 2482 584 2546 hoc
611 2483 881 2545 honore
923 2491 1159 2565 agetur
1200 2481 1316 2544 sub
1350 2479 1553 2544 finem
1586 2482 1763 2544 inter

259 2578 466 2643 titulos
504 2578 713 2659 hujus
753 2577 1058 2662 Augusti.

521 2675 722 2739 IMP.
757 2671 842 2734 T.
862 2670 1064 2734 AEL.
1101 2671 1346 2738 CAES.
1373 2671 1760 2737 ANTONI-

520 2768 729 2835 NVS.
763 2764 972 2832 AvG.
1011 2766 1211 2852 Caput
1233 2769 1465 2834 nudum
1491 2817 1508 2846 ‚
1566 2769 1709 2832 vel.

436 2903 453 2908 -
518 2866 700 2931 IMP
737 2862 1760 2931 CAES.AEL.ANTON1NVS.

524 2957 767 3027 AvG..
806 2960 1008 3044 Caput
1034 2951 1291 3026 nudum.

260 3055 509 3126 PONT.
539 3058 782 3123 Max.
802 3057 950 3122 TR.
980 3053 1187 3123 POT.
1220 3056 1409 3122 COS.
1446 3059 1761 3141 Typisva·

256 3154 590 3230 viantibus,
649 3163 716 3217 et
744 3151 964 3218 obviis.
1029 3155 1181 3216 AR.
1232 3153 1436 3236 (Mus.
1478 3153 1701 3234 Caes.)

344 3249 441 3313 En
472 3251 603 3318 tibi
644 3248 990 3334 primitias
1042 3268 1400 3314 numorum
1439 3251 1763 3326 Antonini

2394 798 2426 831 ὑ
2760 798 2789 828 ὁ

2136 845 2328 911 ῙΜΡ.
2373 845 2459 908 Τ.
2496 845 2699 909 AEL.
2745 844 2991 909 CAES.
3042 844 3359 911 HADRI.

2134 944 2238 1029 (in
2268 941 2411 1007 aliis
2447 941 2759 1023 HADR.)
2801 940 3357 1026 ANTONINVS.

2139 1040 2340 1124 Caput
2374 1037 2608 1102 nudam
2628 1084 2649 1115 ,
2699 1036 2798 1104 vel
2832 1038 3210 1104 laureatum.

1844 1135 2065 1202 AvG.
2115 1135 2334 1201 PIVS.
2371 1136 2444 1198 P.
2489 1137 2587 1198 M.
2637 1135 2784 1197 TR.
2824 1134 2901 1197 P.
2940 1131 3129 1197 008.
3161 1132 3363 1202 DES.

1844 1232 1932 1301 11.
1988 1234 2181 1319 Typis
2217 1233 2439 1297 variis.
2487 1233 2632 1296 AV.
2672 1232 2817 1294 AR.

1940 1328 2212 1415 Copiofi
2249 1328 2498 1394 suntin
2525 1338 2811 1407 utroque
2843 1323 3055 1388 nobili
3079 1325 3364 1392 metallo

1842 1426 2030 1491 numi
2063 1424 2146 1489 fic
2193 1423 2514 1509 inscripti.
2580 1421 2777 1487 PIVS
2839 1440 3015 1486 nunc
3067 1422 3364 1508 primum

1847 1521 2185 1609 appellari
2222 1521 2485 1605 incipit.

2579 1613 2611 1646 ss

2134 1665 2447 1778 1ΜΡ.Ἰ’“’.
2488 1709 2688 1775 AEL.
2731 1665 2994 1776 ἐΑΕε.
3019 1709 3361 1788 flADm.

2129 1806 2685 1874 ANTONINVS.
2717 1805 2930 1871 Avo.
2967 1807 3192 1873 νινε.
3244 1809 3360 1874 ca·

2128 1914 2248 1990 put
2273 1903 2503 1968 nudum
2521 1950 2542 1982 ,
2572 1902 2671 1968 vel
2697 1903 3068 1970 tauream.

1840 2003 1914 2068 P.
1954 2002 2054 2065 M.
2091 2000 2243 2065 TR.
2279 1998 2488 2083 ΡΟΤ.
2542 1997 2736 2063 008.
2790 1999 2982 2065 DES.
3026 1999 3113 2062 11.
3172 1999 3237 2064 S.
3280 1999 3359 2069 C.

1842 2098 2084 2164 Mulier
2125 2098 2305 2186 flans
2363 2095 2424 2160 d.
2477 2116 2721 2162 ramum
2743 2143 2764 2175 ,
2809 2096 2871 2184 s.
2926 2098 3358 2184 cornucopiae.

1842 2194 1986 2260 AE.
2021 2194 2107 2257 11.
2156 2191 2361 2277 (Mus.
2412 2190 2632 2270 Caes.)

2315 2380 2889 2449 MONITVM.

1945 2575 2257 2662 Quoniam
2280 2595 2361 2642 ex
2379 2578 2600 2664 ⁸inimic
2620 2623 2640 2654 ,
2681 2576 2989 2662 certisque
3015 2594 3362 2643 monumen·

1838 2674 1926 2739 tis
1955 2673 2098 2737 aliis
2132 2677 2435 2772 comperi,
2472 2672 2867 2738 tribuniciam
2895 2676 3245 2761 potestatem
3265 2677 3363 2740 in-
3471 2685 3484 2690 “

1839 2771 1913 2835 de
1952 2768 2033 2834 ab
2066 2763 2398 2834 Antonino
2439 2771 2563 2837 Pio
2592 2768 2850 2855 ptr-inde
2891 2789 2966 2834 ac
3017 2770 3369 2858 coificlatns

1838 2864 2141 2932 Kalendis
2167 2866 2499 2931 Ianuariis
2516 2864 2702 2958 smffe
2736 2877 3140 2943 renovamen,
3190 2868 3359 2932 dein·

1842 2982 1980 3046 ceps
2009 2962 2278 3051 singulis
2333 2966 2520 3028 annis
2562 2963 2832 3028 Iulianis
2864 2982 3054 3028 mnam
3113 2972 3360 3029 tantum

1840 3055 2243 3122 tribuniciam
2293 3062 2645 3146 potestatem
2734 3058 2860 3123 illis
2938 3068 3361 3144 competentem

1837 3155 2207 3240 praefigam.
2259 3155 2432 3219 Haec
2471 3153 2749 3246 iadicaffl
2758 3153 2954 3243 satis
2980 3157 3125 3246 esto.
3183 3153 3360 3223 Nam

1841 3248 2027 3333 hujus
2070 3253 2429 3333 argumenti
2472 3253 2687 3339 causas
2736 3251 2879 3316 otim
2913 3252 3037 3341 suo
3083 3252 3212 3358 loco
3262 3273 3361 3319 co

258 3348 448 3412 modo
479 3342 804 3430 Augusti,
855 3348 972 3429 qui
1005 3365 1049 3409 a
1082 3346 1640 3429 praecedentibus
1673 3346 1769 3409 10-
1834 3346 2040 3434 piose,
2088 3355 2150 3410 et
2181 3347 2477 3418 adcurate
2511 3344 2950 3496 comprobabo.

260 3438 319 3503 lo
351 3443 589 3508 addito
632 3440 849 3505 AVG.
884 3455 951 3506 et
1013 3442 1288 3508 PONT.
1345 3443 1574 3508 MAX.
1621 3443 1766 3508 elo-

258 3537 354 3622 gio
382 3536 736 3604 differunt.

991 3636 1019 3670 Q

548 3701 751 3796 nup,
786 3684 1033 3798 c‘AES.
1087 3685 1432 3795 Αὲιῐνε.
1481 3729 1762 3794 ANTo

530 3827 592 3889 N
604 3824 839 3896 [NVS.
870 3821 1081 3891 AVG.
1122 3828 1329 3911 caput
1363 3827 1620 3892 nudum.

260 3917 332 3985 P.
360 3920 452 3984 M.
494 3923 649 3987 TR.
686 3922 898 3988 POT.
934 3923 1125 3987 COS.
1172 3922 1368 3990 DES.
1429 3924 1517 3987 11.
1573 3921 1640 3985 8.
1691 3919 1768 3985 0.

265 4017 475 4081 Mulier
503 4020 695 4107 flans
747 4017 811 4082 d.
870 4017 1152 4098 ramum,
1218 4019 1280 4106 s.
1340 4023 1769 4105 cornucopiae.

262 4110 383 4176 ΑΕ.
426 4112 477 4176 1.
529 4111 747 4199 (Mus,
784 4112 1007 4197 Caes.)

350 4206 530 4271 Nunc
565 4212 782 4272 etiam
820 4212 1165 4275 Antonino
1217 4211 1500 4277 consulis
1539 4212 1771 4292 DESi-

257 4306 429 4386 gnati
473 4305 560 4369 11.
600 4304 831 4369 honos
872 4307 1175 4371 accessit.

2196 3540 2278 3606 V.
2319 3541 2383 3607 C
2414 3557 2570 3623 892
2611 3541 2692 3605 Ρ.
2731 3540 2823 3605 Χ.
2859 3560 2997 3624 139.
3347 3559 3354 3566 ·

1852 3636 2264 3704 TR.P.11.
2313 3636 2491 3701 COS.
2548 3638 2650 3703 ΙΙ.
2696 3634 2902 3701 DES.
2949 3636 3094 3705 III.
3131 3638 3214 3724 Ρ.
3252 3636 3359 3740 M

2314 3731 2516 3796 IMP.
2549 3733 2652 3799 II.
2686 3730 2890 3815 forie.

2055 3828 2289 3915 Incipit
2347 3829 2476 3894 ΡΑ
2488 3828 2658 3896 TER
2709 3827 3162 3899 PATRIAE.

1938 3925 2267 3992 Antonino
2314 3925 2435 3990 Pio
2495 3927 2679 4011 Aug.
2724 3927 2831 3997 II.
2894 3928 2963 3994 C.
3002 3930 3268 3998 Bruttio

2279 4023 2603 4104 Praesente
2644 4022 2743 4088 ΙΙ
2791 4023 2920 4111 Cos.

1942 4119 2248 4183 Titulum
2276 4122 2490 4204 patris
2506 4121 2757 4204 patriae
2787 4122 3101 4186 admittit.
3155 4125 3363 4205 Vide

1847 4235 2024 4301 quae
2064 4218 2148 4279 de
2196 4215 2330 4280 hoc
2369 4216 2542 4279 inter
2592 4213 2832 4279 titulos
2879 4217 3074 4298 hujus
3115 4221 3363 4306 princi·-
3399 4283 3406 4290 .

1792 4314 1952 4398 pis
1989 4312 2397 4381 observabo.

258 4484 349 4562 A.
531 4496 954 4563 ANTONIN
971 4497 1094 4561 VS.
1131 4497 1336 4565 AVG.
1369 4499 1590 4568 PIVS.
1622 4503 1697 4569 P.
1730 4505 1806 4574 P.
1850 4502 2051 4593 capnt
2102 4505 2492 4593 laureatam,
2557 4508 2655 4576 ve!
2705 4510 2972 4587 nudant,
3032 4511 3102 4576 in
3160 4515 3363 4577 numia

538 4596 742 4660 omnis
780 4593 1007 4661 metalli
1022 4639 1044 4675 ,
1092 4604 1152 4663 ei
1167 4594 1440 4680 formae.

2817 4611 2969 4672 ΑΒ
