4242 5459
876 523 1016 619 266
1525 539 1566 570 ‘¹'

1936 546 1976 625 1
1991 547 2078 625 V
2099 546 2173 623 L
2193 545 2234 624 I
2250 547 2332 626 A
2426 542 2523 623 M
2549 544 2627 623 A
2642 544 2712 623 E
2732 540 2783 621 S
2808 544 2905 623 A.

2142 847 2203 912 P
2215 846 2354 913 RE
2377 847 2496 914 TI
2514 846 2699 916 VM.

865 1041 1201 1109 Commatis
1246 1039 1514 1109 Romam·
1530 1060 1554 1101 .-

887 1208 897 1217 ,
935 1231 942 1238 .
1049 1140 1280 1218 Aurei⁴
1343 1195 1350 1200 .
1562 1168 1590 1181 -
1673 1178 1678 1187 ·
1783 1143 1818 1184 ·:
2013 1171 2042 1186 ο
2241 1174 2270 1185 -
2912 1151 2946 1194 2·
3133 1151 3168 1191 ’Ζ
3579 1137 3853 1203 RRRR.

1052 1232 1372 1317 Argentei
1911 1289 1928 1296 -
2913 1275 2944 1291 -
3582 1235 3701 1296 vix
3728 1235 3824 1304 R.

1047 1331 1262 1393 Aenei
1302 1331 1353 1393 1.
1414 1341 1480 1391 et
1537 1326 1623 1393 11.
1679 1324 1943 1390 formae
2238 1367 2274 1384 -
3362 1367 3397 1385 ..
3586 1329 3669 1391 R,

854 1425 1190 1493 Caumatis
1213 1428 1582 1513 peregrini.-
1633 1438 1706 1489 ut
1750 1424 2071 1489 continuo
2113 1423 2393 1493 dictum.
2422 1497 2437 1510 ,

1959 1712 2314 1780 IVLIA

941 1918 1259 1984 Domnae
1295 1911 1527 1984 l'oror,
1579 1904 2007 1971 Soaemiadis
2045 1925 2133 1970 ex
2192 1905 2362 1971 lulio

844 2020 1052 2084 Avito
1078 2025 1318 2088 mater,
1370 2003 1730 2090 Elagabali
1762 2005 1945 2067 avia.
1996 2000 2358 2086 Postquam

840 2115 1131 2178 Severus
1165 2106 1522 2191 imperium
1553 2098 1924 2177 invaserat,
1980 2119 2064 2161 ex
2094 2100 2359 2181 patriae

839 2208 1119 2274 Emesae
1155 2201 1437 2267 latebris
1482 2197 1723 2260 sororis
1761 2195 2092 2258 beneficio
2137 2196 2207 2256 in
2240 2214 2357 2257 au·

836 2303 978 2370 lam
1011 2302 1327 2366 traducta
1350 2344 1370 2375 ,
1399 2293 1610 2357 futuri
1647 2312 1781 2354 non
1836 2290 2229 2376 improvida
2255 2289 2353 2352 rei

833 2398 1280 2489 pecuniariae
1313 2409 1594 2478 operam
1628 2389 1814 2451 dedit
1842 2434 1861 2463 ,
1914 2387 2099 2470 quod
2140 2387 2203 2448 ei
2242 2387 2357 2448 de·

834 2496 1069 2581 inceps
1096 2509 1340 2578 magno
1378 2490 1466 2552 ad
1499 2483 1911 2571 perficienda
1934 2531 1957 2565 ‚
2010 2502 2186 2565 quae
2220 2502 2359 2543 me-

834 2594 1217 2663 ditabatur,
1272 2588 1660 2664 adjumento
1704 2577 1857 2640 fuit.
1925 2579 2100 2640 Nam
2162 2576 2354 2636 caeso

2433 1714 2848 1783 MAESA.

2444 1905 2575 1971 stae
2622 1909 2819 1973 titulo
2865 1919 3154 1990 ornata,
3218 1900 3477 1973 verum'
3514 1926 3664 1972 eum
3713 1907 3950 1972 mulier

2443 2004 2799 2090 perspicax
2836 2004 3165 2069 funestum
3200 2007 3465 2091 nepotis
3505 2007 3762 2068 exitum
3794 2023 3951 2089 pros

2438 2112 2589 2184 pter
2633 2100 3066 2183 intractabile
3131 2105 3269 2181 ejus
3331 2101 3716 2187 ingenium,
3791 2100 3949 2164 alte·

2435 2215 2719 2279 tamque
2753 2217 2971 2260 rerum
3011 2195 3273 2259 suarum
3313 2194 3821 2260 conversionem
3860 2199 3945 2277 ju-

2433 2311 2505 2355 re
2559 2304 2924 2368 metueret,
2974 2292 3107 2354 hac
3177 2292 3319 2376 ipsa
3377 2294 3516 2372 ejus
3567 2291 3837 2354 insania
3886 2291 3949 2353 in

2431 2406 2577 2449 rem
2615 2387 2802 2451 suam
2864 2388 3019 2464 usa,
3092 2387 3446 2472 persuadet
3517 2385 3944 2471 Elagabalo,

2431 2495 2545 2559 ut,
2599 2486 2918 2565 quoniam
2954 2482 3089 2568 ipse
3108 2483 3222 2573 ,ἀεὶ
3257 2482 3350 2545 sui
3384 2482 3609 2558 cultu,
3661 2482 3942 2545 divinis·

2430 2597 2559 2658 que
2599 2579 3029 2640 caerimoniis
3072 2576 3528 2655 distineretur,
3582 2578 3947 2661 adoptaret

832 2686 1202 2752 Caracalla
1234 2681 1393 2744 aula
1428 2676 1754 2741 excedere
1782 2672 1991 2752 julla,
2047 2670 2351 2731 Emesae-
2426 2669 2899 2734 consobrinum
2946 2675 3451 2751 Alexandrum,
3527 2673 3642 2756 qui
3694 2692 3831 2756 pro
3885 2672 3942 2735 se

828 2805 964 2866 que
998 2783 1151 2843 suae
1187 2775 1528 2849 restituta,
1599 2786 1753 2829 cum
1805 2765 2081 2827 adsueta
2136 2763 2347 2847 splen·
2421 2778 2688 2828 terrena
2732 2781 3017 2831 curaret.
3062 2758 3124 2849 ι’)
3176 2769 3411 2854 Neque
3447 2780 3593 2832 erat
3652 2768 3741 2831 ad
3806 2789 3943 2832 mu-

826 2878 979 2941 dori
1024 2875 1249 2936 aulico
1288 2870 1593 2951 privatas
1627 2859 1944 2923 tenebras
1991 2855 2345 2938 fastidiret,
2417 2860 2601 2924 lieris
2678 2859 2956 2926 salutem
3032 2863 3375 2926 confilium
3466 2866 3946 2948 opportuniuS,

824 2971 1224 3049 videretque
1263 2963 1479 3023 minus
1502 2955 1784 3043 probari
1825 2952 2152 3017 militibus
2195 2955 2344 3016 Ma·
2419 2959 2840 3040 certiusque3
2896 2980 3050 3023 nam
3092 2979 3242 3022 cum
3291 2961 3448 3022 ἐπεῖ
3467 2962 3853 3023 communis
3878 2969 3944 3021 et

759 3133 764 3142 ,
825 3066 1108 3134 etiamn,
1148 3058 1365 3121 didita
1397 3056 1570 3116 inter
1595 3052 1718 3113 hos
1749 3047 1964 3126 fama,
2015 3062 2343 3133 tanquam
2414 3050 2812 3137 Elagabali,
2886 3068 2953 3118 et
3006 3056 3381 3118 Alexandri
3437 3056 3636 3134 avia,
3691 3074 3948 3138 quam-

819 3178 1035 3243 nepos
1077 3150 1491 3241 Elagabalus
1551 3147 1979 3211 Soaemiadis
2044 3146 2200 3208 suae
2256 3165 2344 3209 ex
2414 3167 2677 3231 cunque
2731 3151 2973 3213 deinde
3017 3148 3361 3214 fortunam
3426 3151 3550 3213 illa
3600 3154 3945 3234 experire·

822 3251 1187 3334 Caracalla
1221 3248 1398 3312 filius
1456 3244 1650 3322 ess‘et,
1736 3261 1855 3306 eos
1916 3262 2052 3306 non
2117 3243 2338 3305 minus
2411 3256 2557 3321 tur,
2610 3258 2926 3330 paratum
2982 3246 3219 3309 habuit
3278 3248 3549 3330 imperii
3610 3245 3947 3308 succetro.
4010 3297 4017 3306 ,

819 3336 1259 3416 Antoniniani
1299 3344 1592 3408 nominis
1627 3336 2099 3425 superstitione,
2131 3358 2336 3421 quam
2410 3359 2598 3422 rem,
2652 3341 2939 3403 alterum
2990 3363 3073 3404 ex
3130 3342 3272 3405 filia
3338 3344 3667 3404 Mamaea
3730 3360 3945 3426 nepo·

811 3435 1100 3538 profusis
1143 3439 1616 3528 largitionibus
1651 3435 1959 3520 impulit,
2041 3446 2111 3496 ut
2180 3434 2334 3497 Ela·
2407 3447 2571 3503 tem.
2627 3437 2896 3499 Revera
2934 3439 3042 3500 hic
3088 3438 3318 3499 everso
3361 3450 3641 3522 propter
3700 3437 3942 3499 crimi-

811 3544 1136 3633 gabalum
1161 3539 1471 3604 Macrino
1507 3529 1905 3609 sufficerent,
1949 3528 2332 3612 effecitque,
2409 3551 2570 3594 num
2618 3535 3051 3595 atrocitatem
3100 3532 3475 3616 Elagabalo
3522 3550 3741 3595 rerum
3804 3533 3942 3614 spo.

811 3654 888 3704 ut
918 3640 1226 3703 oblatum
1259 3633 1617 3718 imperium
1675 3627 1892 3691 relata
1944 3625 2178 3709 insigni
2231 3626 2331 3688 vi·

814 3737 1037 3800 ctoria
1087 3731 1490 3809 solidarent,
1542 3743 1748 3808 quam
1799 3723 1945 3808 ipsa
2010 3741 2147 3784 non
2211 3740 2328 3804 pa·

809 3851 960 3897 rum
999 3826 1379 3913 promovit,
1434 3821 1707 3905 quando
1737 3818 2149 3912 fugientibus
2184 3820 2324 3899 jam

2405 3628 2568 3691 titus
2606 3629 2792 3689 omni
2836 3627 3267 3691 observantia
3300 3630 3531 3690 aviam
3581 3625 3668 3690 eli
3713 3626 3944 3712 prose-

2408 3734 2640 3799 cutuS,
2697 3721 2838 3808 ipsa
2889 3735 3054 3786 vero
3115 3726 3445 3808 participe
3502 3721 3939 3786 consiliorum

2405 3819 2734 3881 Mamaea
2776 3837 2912 3882 non
2972 3820 3247 3882 cess‘avit
3309 3819 3677 3904 praeclaris
3716 3818 3943 3882 moni·

2404 3916 2490 3976 tis
2542 3916 2845 3977 imbuere
2907 3915 3430 3979 adolescentiam
3486 3916 3751 3998 nepotis
3776 3960 3797 3990 ,
3873 3925 3943 3976 et

2405 4023 2667 4073 veteres
2696 4031 2920 4074 mores
2957 4032 3077 4097 per
3097 4012 3371 4074 alterius
3406 4010 3761 4072 infamiam
3789 4028 3944 4080 cor·

808 3927 938 3993 suis
978 3926 1046 3987 in
1087 3923 1382 3984 mediam
1445 3919 1664 3978 aciem
1711 3935 1862 3977 cum
1914 3913 2327 3977 Soaemiade

810 4020 1183 4113 provolans
1221 4012 1606 4096 exemplum
1643 4013 1710 4072 in
1764 4010 1826 4073 fe
1878 4010 2145 4073 virtutis
2172 4045 2217 4082 ,ι
2260 4019 2326 4069 et

813 4118 1022 4186 animi
1065 4112 1383 4195 intrepidi
1428 4107 1637 4172 dedit.
1679 4105 1745 4182 ⁸)
1850 4106 1958 4169 Ob
1995 4105 2323 4167 collatam
2402 4119 2639 4189 ruptos
2689 4127 3039 4170 revocare.
3126 4107 3432 4190 Denique
3473 4118 3785 4183 mortua,
3866 4117 3943 4166 ut

810 4212 1126 4283 illustrem
1188 4210 1367 4271 hanc
1434 4223 1717 4288 operam
1792 4213 1993 4264 aucta
2048 4200 2324 4282 quidem
2407 4213 2815 4286 optaverat,
2866 4203 3263 4286 tranquille,
3317 4214 3383 4264 et
3403 4200 3492 4263 ab
3532 4199 3941 4265 Alexandro

813 4309 1088 4377 subinde
1129 4301 1504 4368 honoribus
1552 4298 1906 4375 omnibus,
1962 4306 2031 4359 et
2099 4299 2325 4381 Augu·
2402 4296 2760 4362 coelitibus
2796 4299 3043 4364 inserta
3079 4296 3202 4376 est,
3268 4310 3341 4361 ut
3387 4297 3674 4364 dicetur.

892 4621 964 4685 a)
1000 4611 1114 4671 Dio
1151 4610 1214 4666 L.
1248 4606 1581 4665 Lxxvul.
1618 4606 1650 4677 5
1683 4614 1773 4677 38.
1959 4603 2019 4674 b)
2063 4602 2367 4667 Herodian,
2401 4605 2461 4659 in
2496 4604 2658 4679 Elag,
