4242 5459
1466 557 2294 636 MACRIANVS.

3353 574 3494 653 467

334 761 787 832 APOLLINI.
836 757 1346 826 CONSERVA.
1377 798 1476 813 --
1508 761 1861 825 ROMAE.
1946 759 2203 839 servat,
2256 754 2639 825 Gallienum
2661 760 3026 847 septennali
3063 762 3477 844 circulojam

332 857 823 926 AETERNAE
885 891 983 908 ·-
1051 857 1279 921 SOLI.
1333 856 1715 921 INVICTO
1769 890 1868 908 -

334 955 813 1022 VICTORIA.
852 950 1129 1022 AVGG.
1174 966 1304 1020 etc.
1332 956 1500 1040 typis
1540 957 1865 1041 congruis.

622 1178 627 1185 ·
745 1148 947 1214 Numi
995 1144 1448 1214 Alexandrini.

623 1344 707 1406 A.
767 1343 853 1407 K.
914 1340 1008 1406 T.
1053 1341 1136 1406 Φ.
1200 1342 1444 1425 ῙΟΤΝ.
1503 1342 1870 1407 ΜΑΚΡΙΑ,

630 1437 829 1503 Noc.
883 1437 954 1502 Ε.
1024 1439 1122 1503 vel
1187 1438 1371 1505 CTC.
1430 1439 1603 1504 ceB.
1677 1439 1877 1523 Caput

623 1535 997 1600 laureatum·

336 1633 417 1695 L.
470 1633 553 1694 A.
605 1632 811 1695 variis
857 1631 1025 1713 typis
1102 1628 1413 1716 Aquilae,
1498 1628 1827 1695 Victoriae
1848 1679 1869 1709 ‚

328 1727 483 1813 Spei
521 1736 630 1791 etc.
686 1727 829 1790 ΛΕ.
873 1725 960 1788 ῙῙ.
1016 1726 1274 1809 (Band.
1310 1724 1483 1791 Mus.
1524 1722 1750 1810 Caes.)

426 1827 497 1886 In
543 1819 883 1886 nonnullis
939 1820 1273 1908 catalogis
1326 1821 1574 1905 legitur
1629 1824 1864 1888 ΙΟΤΛ..

326 1938 453 2005 pro
493 1920 782 1981 certiore
841 1916 1076 1981 l'OTN.

636 2022 716 2079 A.
761 2017 848 2077 K.
891 2013 1049 2074 MA.
1088 2014 1290 2077 ΦΟΤ.
1322 2013 1865 2080 MAKPIANOC.

632 2111 804 2176 (ΖΕΒ.
860 2109 1061 2193 Caput
1108 2109 1483 2174 laureatum.

338 2211 427 2282 L..
461 2208 551 2271 B..
595 2207 798 2274 Roma
819 2204 1061 2292 sedens.
1117 2204 1257 2268 ΑΕ.
1298 2207 1408 2266 111.
1462 2200 1753 2286 (Band.)

629 2307 709 2367 A.
769 2305 851 2365 K.
920 2302 1008 2363 Μ.
1068 2300 1275 2374 ΦΟΤ,
1327 2299 1877 2365 MAKPIANOC.

635 2399 764 2463 ΕΤ.
800 2396 984 2462 CTC.
1078 2395 1283 2482 Caput
1332 2394 1681 2460 laureatum
1722 2394 1875 2463 bar·

629 2492 864 2559 batum.
1055 2498 1068 2507 '

348 2593 427 2659 L.
456 2594 535 2656 B.
587 2591 827 2677 Aquila
849 2590 1051 2677 stans.
1094 2589 1293 2650 Potin
1331 2592 1407 2651 11.
1432 2582 1687 2662 (Sestini
1705 2586 1746 2649 1.
1769 2583 1873 2666 c.)-

337 2692 637 2754 Adverte
694 2689 777 2748 in
814 2686 948 2747 hoc
1000 2704 1204 2746 numo
1263 2685 1353 2746 ad
1418 2684 1871 2769 tautologiam

339 2787 472 2852 ΕΤ.
512 2784 738 2859 Cre„
805 2780 920 2843 nifi
968 2777 1146 2843 forte
1193 2779 1446 2842 erravit
1496 2781 1870 2842 monetari-

348 2902 425 2944 us
474 2926 493 2957 ‚
597 2892 717 2941 aut
832 2880 900 2938 in
1013 2876 1452 2939 describendo
1526 2875 1868 2963 calamus.

342 2976 657 3042 Ceterum
693 2974 870 3036 hunc
905 2972 1117 3055 ipsum
1152 2970 1411 3034 Sestinii
1449 2991 1723 3034 numum
1766 2972 1866 3034 vi·

337 3075 466 3137 deo
521 3071 764 3135 eodem
808 3068 965 3131 loco
1011 3067 1257 3130 ambiri
1311 3066 1400 3128 ab
1447 3067 1643 3141 aliis,
1695 3087 1867 3153 quos

341 3169 552 3234 variis
609 3165 818 3247 hujus
878 3164 1108 3248 operis
1147 3161 1317 3225 locis
1372 3181 1507 3225 non
1556 3162 1871 3227 dubitavi

340 3265 613 3352 spuriis,
668 3264 785 3324 aut
829 3273 1011 3325 certe
1048 3257 1251 3321 valde
1278 3256 1592 3344 suspectis
1631 3279 1866 3323 accen-

331 3361 491 3426 sere.

1912 900 1917 907 -
1949 855 2141 920 finito
2170 873 2424 919 nonum
2473 855 2742 943 imperii
2779 877 3029 923 annum
3072 872 3229 924 tunc
3255 858 3476 945 egisse,
3520 882 3536 894 ·

1951 972 2102 1015 cum
2150 952 2240 1015 ad
2282 953 2426 1032 ejus
2483 956 2964 1019 auctoritatem
3026 958 3377 1043 Aegyptus
3418 955 3482 1016 se

1955 1049 2199 1111 iterum
2261 1046 2629 1133 adplicuit,
2704 1042 2941 1115 omiss'o
2995 1050 3250 1118 scilicet
3299 1044 3481 1115 anno

1951 1143 2135 1208 vlu.
2162 1190 2182 1218 ‚
2236 1144 2421 1226 quod
2477 1146 2991 1211 Macrianorum
3037 1162 3267 1231 partes
3310 1150 3486 1213 haec

1950 1241 2142 1325 regio
2183 1239 2444 1303 interea
2484 1240 2707 1305 secuta
2748 1243 2924 1306 ess'et.
3027 1246 3116 1308 Et
3159 1264 3326 1309 vero
3377 1244 3488 1309 effi

1954 1335 2145 1399 obvii
2184 1335 2328 1398 sunt
2374 1333 2664 1401 Gallieni
2703 1342 2889 1403 numi
2938 1339 3395 1405 Alexandriae
3416 1341 3483 1405 fi-

1956 1433 2185 1517 gnati,
2239 1432 2559 1501 rarissimi
2622 1444 2856 1498 tamen
2895 1436 3037 1500 sunt
3089 1457 3241 1502 cum
3303 1457 3483 1503 anno

1957 1531 2021 1591 H
2051 1574 2069 1604 ,
2120 1528 2231 1590 seu
2275 1529 2494 1606 v111.‚
2549 1542 2619 1592 ut
2654 1531 2950 1597 diximus
2978 1535 3044 1596 in
3090 1534 3337 1598 horum
3367 1557 3483 1601 nu·

1958 1642 2224 1685 morum
2259 1624 2478 1698 claffe,
2553 1624 2801 1712 Coepit
2846 1629 2957 1694 hic
3013 1643 3298 1695 exeunte
3351 1638 3484 1699 Au·

1957 1714 2140 1802 gusto
2190 1719 2280 1783 V.
2333 1718 2409 1787 C.
2464 1741 2640 1806 ¹0¹3
2687 1722 2767 1787 P.
2810 1724 2894 1788 X.
2939 1730 3078 1789 260
3112 1774 3132 1807 ‚
3206 1742 3273 1791 et
3328 1751 3485 1796 con.

1953 1810 2117 1890 flat,
2189 1814 2423 1899 paullo
2480 1816 2624 1903 post
2680 1819 3119 1887 Valerianum
3177 1845 3220 1888 a
3276 1827 3486 1896 Perfis

1953 1922 2255 1994 captum,
2309 1932 2391 1975 ac
2425 1925 2567 1977 tum
2603 1917 3001 1981 Macrianos
3034 1921 3386 1993 Orientem
3417 1928 3486 1991 [i-

1950 2003 2024 2066 bi
2085 2005 2439 2086 subjeciffe.
2522 2009 2649 2072 1110
2699 2013 2904 2094 igitur
2960 2017 3096 2091 jam
3157 2019 3484 2088 inchoato

1951 2099 2350 2164 Macrianus
2386 2105 2456 2165 in
2503 2110 2819 2191 Aegypto
2856 2114 3121 2196 agnitus
3148 2111 3237 2176 est
3269 2117 3484 2205 impe-

1952 2206 2168 2271 rator,
2225 2197 2632 2284 duravitque
2674 2202 2817 2266 eius
2848 2206 3210 2291 imperium
3248 2210 3483 2279 saltem

1956 2308 2168 2373 usque
2213 2292 2304 2354 ad
2354 2308 2708 2359 exeuntem
2752 2301 3113 2386 Augustum
3175 2310 3336 2370 anni
3387 2313 3488 2374 fe·-

1960 2387 2270 2472 quentis,
2321 2408 2458 2473 quo
2519 2392 2706 2455 cusus
2775 2393 2907 2461 fuit
2940 2419 3184 2465 numus
3241 2405 3319 2471 L.
3353 2406 3430 2473 Β.

2391 2586 2606 2691 Νιιοηὶρ
2638 2586 3082 2680 Nicaeensium.

2049 2773 2331 2841 Exstant
2372 2779 2560 2843 numi
2601 2780 2690 2844 ab
2731 2780 2834 2844 his
2878 2785 3238 2854 Macriano
3265 2840 3283 2870 ‚
3335 2805 3482 2862 tum

1956 2883 2022 2934 et
2053 2872 2250 2938 fratri
2294 2874 2547 2957 Quieto
2576 2923 2595 2954 ‚
2674 2897 2845 2963 quos
2891 2878 3207 2949 dabimus
3251 2889 3492 2970 infra,

1953 2966 2187 3054 [ignati
2215 3016 2235 3047 ‚
2289 2992 2374 3034 ex
2410 2991 2545 3054 quo
2583 2986 2896 3059 apparet,
2951 2998 3184 3046 eorum
3223 2985 3292 3049 in
3329 2989 3483 3052 Alia

1954 3085 2228 3150 quoque
2271 3069 2573 3153 agnitum
2607 3068 2798 3134 fuiss'e
2834 3074 3212 3159 imperium.

2248 3163 2372 3230 T1.
2407 3165 2681 3230 ΦΟΤΛ.
2718 3170 2891 3232 ῙΟΤ.
2925 3171 3484 3245 MAKPIANOC.

2249 3258 2421 3321 ccss.
2491 3259 2692 3343 Caput
2731 3263 3006 3346 ,iuvenile
3041 3267 3309 3334 imberbe
3360 3294 3479 3340 ra-

2242 3350 2503 3419 diatum.
3445 3378 3452 3385 ‘

437 3455 648 3520 Numi
693 3453 765 3516 hi
818 3452 1069 3516 invicte
1105 3449 1387 3532 docent,
1438 3444 1871 3539 Materianum
1947 3448 2406 3514 leAlenN.
2499 3449 2712 3536 Cfflra
2772 3459 3128 3538 praetoria.
3199 3461 3341 3529 ΛΕ.
3391 3463 3478 3529 11.

337 3554 409 3616 in
476 3555 793 3636 Aegypto
837 3550 1319 3632 imperatorem
1379 3565 1505 3632 pro
1554 3543 1869 3609 Gallieno

344 3647 537 3712 fuiss‘e
591 3648 931 3734 agnitum,
984 3654 1053 3706 et
1097 3646 1479 3727 opportune
1524 3643 1659 3706 hoc
1715 3642 1872 3707 loco

341 3745 743 3811 Bandurius.
772 3762 858 3808 ex
889 3739 1218 3826 Dionyfio
1254 3740 1718 3805 Alexandrino
1752 3739 1872 3803 ob·

1957 3547 2254 3629 (Haym.
2294 3545 2381 3609 T.
2436 3543 2523 3609 11.
2570 3566 2638 3632 p.
2673 3566 2845 3634 393.
2883 3551 3173 3619 Pellerin
3198 3556 3499 3628 Mel.11.'.

1954 3664 2023 3730 p.-
2069 3657 2235 3726 231.
2290 3639 2734 3727 Manent.)

1610 3930 2174 4001 PRETIVM

527 4130 736 4194 Aurei
837 4166 861 4182 ·
1046 4186 1065 4199 .

527 4226 810 4312 Argenti
862 4224 1113 4311 impuri

532 4326 749 4387 Aenei
798 4322 922 4386 111.
973 4320 1243 4385 formae

539 4418 798 4505 Signati
843 4418 1143 4483 Nicaeae
1272 4451 1299 4469 ·

311 4572 317 4579 .
406 4580 411 4585 ,
525 4515 976 4587 Alexandrini

3074 4234 3221 4298 BR:

3080 4327 3228 4394 RR.

3078 4424 3372 4493 RRRR..
3455 4462 3462 4469 ·

2781 4615 2981 4682 -Nnn
3038 4635 3098 4684 ι
3168 4672 3188 4683 -
