4242 5459
950 551 1115 639 M.·
1177 561 1873 640 AVRELIVS
1975 563 2803 652 ANTONlNVS.
3127 651 3134 657 ,
3345 593 3436 663 45

314 767 562 823 menta
605 760 673 824 in
704 773 978 826 moneta
1022 764 1287 844 juvenis
1340 762 1645 828 Caesaris
1694 776 1837 828 tam
1923 764 2055 828 lem
2089 766 2281 836 vicit.
2332 755 2393 847 αἰ)
2448 765 2581 830 Sed
2617 767 2825 831 multo
2851 764 3075 832 adhuc
3119 764 3436 833 vetustior

312 857 412 920 ad
452 854 823 935 honorem,
878 879 1082 942 quam
1116 861 1433 924 virtutem
1454 861 1522 924 in
1559 860 1690 923 hac
1727 881 1835 923 ae·
1918 865 2059 939 {am
2106 860 2220 925 sub
2277 862 2545 947 regibus
2593 864 2659 926 in
2712 862 2878 926 urbe
2932 862 3099 942 fuit,
3158 863 3433 945 jubente

308 963 466 1015 tate
516 953 828 1018 ducendi.
1518 1029 1527 1038 ,
1922 957 2161 1020 Servio
2199 959 2431 1021 Tullio
2471 959 2537 1019 in
2585 978 2670 1020 ea
2707 961 2956 1043 deponi
3019 979 3293 1024 numum
3343 960 3433 1025 ab

884 1100 915 1132 „
1062 1049 1095 1084 ¹*
1242 1101 1271 1134 „
1921 1052 2003 1113 iis
2030 1097 2047 1128 ,
2098 1054 2214 1136 qui
2250 1066 2484 1137 togam
2522 1053 2784 1117 virilem
2825 1055 3174 1141 sumpsere.
3228 1055 3288 1136 e)
3340 1060 3431 1120 A·

615 1143 849 1216 Eadem
882 1144 1172 1228 ,adversm
1919 1147 2061 1209 liud
2100 1148 2471 1212 luventatis
2508 1150 2832 1234 templum
2874 1149 3153 1214 statuisse
3208 1158 3434 1237 Augu-

312 1240 807 1306 IVVENTAS.
856 1244 1094 1307 Mulier
1114 1244 1297 1329 flans
1324 1242 1386 1308 d.
1419 1263 1700 1328 granum
1736 1250 1833 1305 tu·
1920 1239 2080 1305 stum
2109 1291 2130 1319 ‚
2183 1244 2317 1330 ipse
2356 1246 2440 1308 de
2474 1243 2536 1306 se
2576 1244 2927 1329 profitetur
2977 1248 3044 1310 in
3090 1267 3433 1313 marmore

304 1344 418 1401 ris
449 1336 814 1402 candelabro
873 1341 1170 1422 imponit,
1201 1339 1262 1425 s
1308 1350 1621 1426 pateram.
1686 1338 1833 1403 AR.
1919 1343 2326 1421 Ancyrauo:
2378 1340 3433 1409 AEDEM.1VVENTATIS.-·

314 1434 462 1498 ΔΕ.
520 1434 574 1497 1.
622 1434 706 1500 11.
758 1433 962 1515 (Mus.
1006 1432 1226 1514 Caes.)
1406 1485 1411 1492 .
1916 1433 2034 1497 IN.
2055 1436 2484 1502 PALATIO.
2505 1433 2734 1499 FECI.
2758 1426 2811 1517 t)
2851 1438 3246 1502 Aediculam
3267 1458 3432 1524 quo·

609 1530 843 1595 Eadem
876 1529 1155 1615 adversa.
1918 1549 2046 1615 que
2082 1532 2407 1595 Iuventae
2441 1531 2516 1593 P.
2560 1533 2795 1595 Victor
2829 1534 2897 1595 in
2931 1536 3207 1618 regione
3242 1536 3429 1599 vm.

308 1625 799 1689 IVVENTAS.
851 1625 919 1690 S.
961 1624 1038 1689 C.
1118 1623 1246 1690 Vir
1263 1626 1515 1710 juvenis
1525 1627 1829 1712 succincto
1917 1625 2237 1694 collocat.
2289 1622 2697 1690 constitutos
2736 1629 2944 1691 etiam
2999 1649 3044 1693 a
3095 1631 3184 1693 M.
3229 1630 3430 1694 Livio

306 1719 732 1808 habitussam·
774 1720 839 1784 d.
882 1742 1165 1798 ramum,
1199 1722 1262 1808 s,
1314 1720 1577 1802 hanam,
1626 1723 1833 1808 juxta
1915 1719 2290 1785 Iuventatis
2330 1722 2529 1785 ludos
2566 1736 2899 1804 memorat
2936 1722 3202 1789 Cicero.
3253 1723 3319 1808 ⁸)

302 1826 659 1901 tropaeum.
711 1817 850 1883 AE.
891 1817 944 1880 Ι.
998 1816 1196 1894 (Mus.
1239 1813 1466 1896 Caes.)
1514 1837 1521 1844 ·
2013 1817 2206 1882 Haec
2234 1819 2607 1882 Iuventatis
2638 1820 2705 1882 in
2739 1820 2997 1882 Aurelii
3033 1832 3309 1884 moneta
3330 1825 3432 1887 in-

414 1912 717 1976 luventas
748 1913 1077 1977 Romanis
1118 1912 1295 1974 idem
1324 1958 1342 1986 ,
1398 1914 1580 1998 quod
1618 1912 1828 1977 Grae·
1912 1914 2187 1999 scriptio
2234 1916 2425 1978 varie
2489 1911 2702 2000 potest
2750 1917 3011 2002 accipi,
3066 1916 3197 1981 [ive
3247 1917 3433 2001 quod

303 2007 413 2071 cis
448 2008 685 2084 Hebe,
738 2005 895 2070 teste
929 2008 1039 2071 vel
1085 2007 1497 2091 ipsoTullio
1530 2008 1700 2071 haec
1741 2010 1827 2071 de
1914 2009 2087 2074 haec
2128 2009 2260 2074 dea
2303 2010 2391 2074 ab
2441 2011 2687 2074 aetatis
2727 2009 2932 2089 statu,
2988 2031 3070 2076 ac
3091 2014 3327 2099 vigore
3350 2014 3433 2080 fic

302 2123 396 2166 ea
434 2099 808 2167 scribente:
863 2101 928 2185 ¹)
1004 2104 1105 2169 At
1161 2113 1378 2188 poetae
1436 2104 1676 2190 quidem
1722 2124 1826 2167 nc·
1914 2111 2168 2169 vocata
2237 2108 2503 2191 egregie
2569 2126 2724 2169 cum
2784 2107 3124 2191 praesente
3178 2112 3433 2175 Aurelii

296 2210 488 2274 etur,
578 2200 981 2284 ambrosiam,
1046 2202 1258 2283 epulas
1313 2210 1719 2284 comparant,
1771 2207 1829 2262 et
1914 2213 2142 2263 aetate
2198 2203 2666 2286 componitur,
2735 2202 2868 2265 live
2934 2205 3120 2286 quod
3191 2225 3434 2270 revera

296 2305 425 2360 aut
462 2296 888 2373 Iuventatem,
965 2304 1082 2359 aut
1148 2297 1552 2378 Ganymedem
1605 2295 1830 2376 pocula
1916 2295 2258 2357 Iuventati
2301 2314 2424 2379 pro
2478 2295 2732 2357 Aurelii
2793 2295 2998 2359 salute
3054 2298 3240 2361 sacra
3283 2321 3429 2384 per-

295 2391 773 2477 mimstrantem.
828 2392 1015 2455 Idem
1050 2390 1150 2454 illi
1180 2410 1418 2453 munus
1453 2390 1832 2474 impertitur
1918 2401 2075 2452 acta
2121 2388 2268 2451 sunt
2290 2436 2309 2467 ,
2365 2390 2596 2475 qualia
2632 2390 2910 2452 exhibet
2945 2412 3185 2455 numus
3219 2397 3430 2479 prior,

292 2485 647 2549 Ovidius:
700 2476 765 2566 ¹²)
1318 2557 1329 2565 ,
1914 2484 2282 2570 praecipue
2315 2504 2467 2547 cum
2501 2482 2659 2548 teste
2693 2479 2886 2548 Festo
2925 2487 3251 2570 Pompejo
3320 2492 3430 2555 Iu-

1913 2583 2185 2646 ventatis
2205 2582 2399 2667 sacra
2433 2603 2554 2666 pro
2582 2580 2922 2665 juvenibus
2951 2584 3083 2668 sint
3128 2586 3426 2672 effetata.

494 2676 789 2758 Nectar,
864 2686 927 2743 et
989 2676 1394 2762 ambrosiam,
1465 2672 1828 2761 laticesque,
1915 2675 2181 2740 Referri
2221 2674 2430 2763 potest
2452 2677 2658 2739 etiarn
2694 2677 2784 2740 ad
2818 2678 3164 2742 Aurelium
3189 2701 3272 2743 eo
3312 2702 3427 2746 no·
3471 2679 3476 2686 ’

1005 2774 1330 2858 epulasque
1378 2772 1631 2835 deorum
1916 2777 2134 2853 mine,
2205 2773 2385 2857 quod
2441 2774 2741 2856 Princeps
2772 2775 3127 2858 juventutis
3183 2775 3428 2863 fuerit,

598 2869 727 2938 Det
774 2867 928 2935 mihi
961 2869 1251 2957 formosa
1336 2887 1507 2933 nava
1561 2869 1828 2934 Iuventa
1911 2869 2022 2934 etii
2062 2869 2161 2931 illi
2196 2867 2362 2930 istud
2401 2888 2649 2933 ,nomen
2673 2888 2889 2952 neque
2924 2860 2992 2932 in
3025 2873 3271 2954 nuruis,
3315 2894 3424 2937 ne·

1397 2983 1607 3029 manu.
1913 2986 2041 3050 que
2083 2965 2579 3041 marmoribus,
2632 2985 2887 3048 neque,
2958 2966 3191 3031 saltem
3232 2968 3426 3033 diser·
3546 3001 3557 3007 ·

1908 3074 2018 3138 te,
2071 3058 2159 3123 ab
2192 3058 2517 3124 historicis
2564 3061 2920 3129 tribuatur.
2979 3061 3175 3127 Certe
3220 3078 3425 3151 typus

280 3161 429 3226 Sed
476 3156 729 3224 Graeci
765 3157 1005 3223 Heben
1046 3154 1413 3241 juventutis
1452 3152 1822 3240 praesidem
1906 3155 2170 3241 juvenis
2205 3153 2429 3218 stantis
2478 3175 2632 3220 cum
2679 3155 2868 3238 hasta
2922 3156 3239 3223 adstituto
3283 3172 3422 3224 tro-

280 3259 559 3320 dixere.
611 3255 717 3319 lta
760 3255 989 3318 Iolaus
1040 3271 1218 3317 aevo
1273 3251 1613 3315 invalidus
1669 3270 1825 3314 cum
1910 3270 2127 3338 paeo,
2185 3251 2298 3334 qui
2340 3247 2551 3313 exstat
2585 3252 2654 3314 in
2695 3270 3029 3348 numo-ex
3063 3254 3421 3341 propontis

280 3350 676 3436 Eurystheo
730 3349 1189 3437 congress'urus
1909 3349 2165 3426 altero,
2219 3359 2287 3410 et
2324 3348 2393 3408 in
2429 3346 2843 3429 sequentium
2892 3367 3174 3432 quoque·
3211 3372 3424 3417 anno-

1908 3464 2057 3507 rum
2099 3443 2320 3506 numis
2352 3441 2565 3519 redit,
2613 3440 2930 3524 frequens
2956 3442 3044 3504 est
3090 3445 3158 3507 in
3198 3449 3423 3512 numia

484 3533 773 3620 Hpoeaoes'
816 3544 955 3628 Ηΰῃ
993 3543 1135 3622 Ζηνε
1174 3530 1223 3605 θ’
1269 3533 1498 3624 ἡμεραν
1528 3557 1673 3620 μιαν
1834 3591 1843 3597 .
1906 3539 2271 3602 Caesarum
2340 3536 2879 3619 consequentium
2931 3535 3176 3621 scripto
3230 3542 3423 3617 juxta

491 3639 654 3714 Νεος
692 3639 988 3712 γενεσθαι.
1905 3630 2362 3696 PmNCEPS.
2398 3627 2989 3708 IVVENTVTIS‚
3040 3633 3155 3714 qui
3188 3646 3418 3720 typus,

480 3729 906 3819 supplicabat
922 3730 1091 3797 Hebe
1121 3731 1400 3817 Iovique,
1438 3738 1639 3813 utper
1659 3727 1825 3796 diem
1907 3749 2041 3810 qua
2070 3729 2336 3790 ratione
2364 3726 2452 3788 ad
2489 3725 2860 3810 principem
2880 3729 3246 3809 juventutis
3274 3751 3419 3816 per.

1427 3845 1621 3891 unum
1890 3827 2158 3898 'tineat,
2211 3821 2608 3884 docebimus
2652 3821 2817 3884 olim
2862 3823 2930 3888 in
2982 3824 3417 3892 animadver-

479 3920 914 4012 Iuvenesceret.
948 3922 1011 4009 ⁶)
1905 3920 2082 3983 lione
2128 3920 2218 3982 ad
2248 3917 2424 3980 hunc
2461 3916 2754 3983 titulum.
2819 3918 2896 3981 In
2929 3920 3186 3999 numis,
3241 3941 3415 4006 quos

1900 4015 2220 4101 proximo
2259 4014 2716 4096 quinquennio
2751 4016 3240 4099 producemus,
3295 4018 3412 4082 ha·

269 4117 513 4184 Aedes
562 4114 942 4178 Iuventatis
992 4115 1061 4180 in
1103 4112 1301 4178 Cir-co
1350 4116 1655 4178 maximo
1699 4113 1811 4177 ste·
1901 4108 2586 4178 betur-IVVENTVS
2622 4110 2798 4171 intra
2826 4129 3150 4174 coronam
3191 4113 3411 4196 expli-

270 4217 360 4278 tit
396 4224 579 4276 vota
613 4231 659 4273 a
698 4211 795 4273 M.
836 4211 1078 4290 Livio,
1132 4230 1266 4295 quo
1301 4211 1411 4273 die
1460 4210 1808 4275 Asdruba·
1899 4207 2169 4272 catione
2216 4204 2552 4289 analoga,
2606 4206 2768 4266 etin
2807 4207 3026 4268 munis
3054 4210 3242 4291 pueri
3282 4207 3424 4312 Ca·-

333 4467 399 4530 ι)
443 4460 522 4514 de
557 4458 696 4519 Nat.
729 4457 883 4519 deor.
921 4458 986 4511 L.
1024 4458 1074 4518 1,
1112 4475 1156 4510 c.
1193 4470 1281 4520 4ο.
1486 4457 1542 4522 b)
1582 4457 1652 4511 de
1689 4458 1869 4513 Ponto
1907 4458 1970 4510 L.
2009 4458 2053 4508 1.
2092 4454 2233 4524 eleg.
2271 4454 2346 4512 X,
2384 4471 2446 4512 ν.-
2484 4471 2563 4508 ιι.
2775 4450 3089 4526 c)Euripid,
3130 4455 3187 4505 in
3230 4454 3408 4507 Hera.

257 4534 393 4588 elid.
435 4547 495 4582 v.
535 4539 664 4599 851,
852 4527 910 4591 d)
950 4527 1074 4585 mv.
1113 4527 1179 4579 L.
1214 4525 1493 4588 xxxvl,
1529 4543 1575 4581 c.
1607 4529 1700 4594 3⁶·
1911 4528 1961 4594 e)
2000 4525 2241 4602 Dionys.
2266 4521 2456 4577 Halic-
2493 4522 2559 4576 1..
2595 4520 2683 4575 1v
2686 4557 2699 4574 .
2735 4537 2794 4593 p.
2836 4536 2957 4578 aco.
3163 4522 3210 4593 f)
3249 4523 3398 4576 Tab.

258 4601 375 4663 IV.
414 4618 485 4657 v..
517 4609 574 4664 a.
745 4597 796 4667 g)
833 4599 891 4649 in
930 4593 1095 4659 Bruto
1133 4612 1255 4668 cap.
1301 4604 1381 4656 ιε.
