4242 5459
982 568 1148 645 -434
2191 544 3025 626 ··sAL0N1st.

1018 754 1217 818 nlore
1264 744 1360 815 sui
1396 746 1710 814 Gallieno
1756 764 1836 812 ac
1869 745 2239 812 Saloninae
2308 748 2542 836 [ignati

998 851 1231 932 numi,
1282 852 1422 929 ejus
1453 845 1669 909 frater
1703 845 2104 907 Valerianus
2145 845 2256 908 vel
2301 866 2537 930 unum,

1008 967 1214 1033 quem
1239 945 1561 1009 exhibere
1600 940 1852 1075 posset,
1909 961 2043 1003 non
2082 941 2312 1009 habet.

1576 1092 1605 1121 fl
1933 1090 1962 1119 fl

1110 1138 1281 1203 Cum
1320 1155 1481 1220 ergo
1504 1135 1943 1199 Valerianum
1986 1122 2116 1195 [ive
2156 1134 2539 1213 Caesarem,

1016 1236 1150 1298 five
1196 1232 1551 1319 Augustum
1600 1234 1912 1316 ignorent
1956 1228 2253 1294 historici
2304 1252 2540 1295 omnes

1019 1334 1302 1417 dempto
1334 1327 1727 1402 Trebellio,
1797 1328 1914 1411 qui
1980 1339 2208 1390 tamen
2275 1341 2341 1389 et
2402 1329 2540 1413 ipse

1012 1429 1330 1504 dubitat,
1380 1427 1689 1510 ignorent
1730 1426 1938 1488 etiam
2000 1421 2193 1499 fasti,
2249 1445 2537 1488 marmo-

1000 1546 1123 1601 ra,
1176 1538 1242 1588 et
1291 1522 1475 1610 quod
1513 1520 1803 1604 amplius
1845 1518 1973 1594 est,
2028 1519 2145 1603 ipfi
2176 1523 2360 1585 numi
2393 1533 2536 1584 tan·

1002 1637 1084 1687 ta
1121 1642 1275 1687 cum
1326 1621 1529 1703 copia
1566 1619 1646 1679 iis
1676 1662 1695 1694 ‚
1748 1619 1860 1701 qui
1903 1614 2173 1700 Augusti
2207 1619 2320 1681 vel
2365 1617 2533 1681 Cae·

1002 1721 1187 1783 -sares
1260 1717 1494 1791 fuere,
1574 1713 1843 1796 signati,
1927 1712 2159 1775 licebit
2215 1727 2282 1776 et
2333 1714 2532 1777 nobis

1003 1819 1326 1901 ignorare
1350 1811 1791 1877 Valerianum
1816 1809 1945 1871 [ive
1972 1806 2351 1887 Caesarem,
2402 1809 2532 1874 five

1006 1909 1373 1996 Augustum
1403 1956 1422 1985 ‚
1478 1927 1559 1970 ne
1597 1907 1746 1991 plus
1788 1906 1965 1969 noss'e
2029 1905 2181 1991 ipsis
2222 1920 2531 1971 veterum

1006 2008 1460 2072 monumentis
1500 2004 1880 2067 videamur.
1934 2005 2156 2066 Video
2201 2005 2380 2067 enim
2419 2025 2535 2068 ve·

1002 2098 1086 2170 ro
1116 2151 1140 2182 ,
1211 2103 1300 2168 ab
1339 2104 1616 2166 eruditis
1674 2105 1839 2164 artis
1898 2098 2160 2164 nostrae
2213 2100 2539 2187 magistris

1006 2222 1147 2271 non
1202 2203 1341 2266 alia
1397 2202 1480 2263 de
1517 2197 1715 2262 causa
1764 2199 1833 2261 ei
1894 2198 2184 2261 tributos
2233 2218 2471 2262 numos
2514 2245 2533 2276 ,

1007 2322 1216 2388 quam
1251 2299 1434 2384 quod
1474 2294 1805 2359 Trebellii
1849 2296 2133 2359 oraculo
2173 2294 2530 2380 Augustum

1006 2396 1374 2463 adferentis
1417 2392 1619 2456 fidem
1664 2390 2003 2469 habuere,
2060 2412 2198 2477 quo
2244 2393 2528 2455 admiss‘o

1004 2493 1262 2558 necesse
1302 2489 1457 2555 sarie
1484 2487 1653 2564 fuit,
1708 2492 1770 2550 ei
1810 2490 1895 2551 de
1926 2501 2204 2552 moneta
2243 2488 2358 2552 sua
2378 2506 2532 2571 pro·

952 2611 969 2619 ·
1002 2592 1241 2657 videre
1266 2635 1285 2664 ‚
1339 2607 1490 2650 cum
1516 2584 1838 2648 credibile
1878 2586 2061 2648 'nullo
2106 2597 2311 2669 pacto
2352 2584 2530 2660 ess'et,

1006 2685 1282 2772 Augusti
1320 2683 1642 2759 fratrem,
1696 2680 2041 2766 ipsumque
2064 2694 2132 2744 et
2170 2679 2526 2743 Caesarem

1007 2797 1076 2844 et
1109 2778 1492 2866 Augustum,
1519 2790 1587 2839 et
1608 2778 1802 2840 annis
1835 2780 2011 2840 adeo
2039 2778 2283 2839 octoin
2304 2795 2387 2837 eo
2409 2775 2527 2836 ho-

1002 2896 1173 2940 nore
1209 2875 1682 2958 conspicuum‚
1736 2876 2172 2957 agnitumque
2208 2891 2341 2933 non
2387 2890 2523 2932 mo-

1006 2974 1100 3035 do
1151 2990 1273 3055 per
1331 2969 1728 3051 imperium,
1796 2970 1905 3030 sed
1950 2990 1994 3032 a
2056 2969 2281 3030 senatu
2320 2968 2527 3029 etiam

905 3062 917 3073 ’
1004 3065 1403 3154 populo'que
1429 3066 1505 3127 R.
1537 3066 1754 3127 numis
1789 3084 2041 3127 carere.
2099 3064 2274 3149 Ergo
2313 3064 2528 3140 exiiS,

1009 3183 1187 3249 quae
1224 3161 1495 3247 copiose
1554 3162 1759 3224 modo
1805 3162 2183 3247 disputavi,
2252 3159 2530 3243 sequen·

1000 3264 1103 3324 tia
1142 3261 1391 3348 partim
1434 3258 1615 3344 posse
1659 3260 1825 3335 erui,
1882 3258 2131 3342 partim
2173 3257 2398 3321 adhuc
2437 3257 2525 3320 ad

1007 3376 1091 3422 ea
1131 3354 1585 3420 animadverti
1636 3346 1968 3418 existimo.

1100 3455 1156 3518 Ι.
1210 3454 1416 3518 Numi
1456 3472 1693 3517 omnes
1732 3451 2103 3514 Valeriano
2136 3454 2273 3532 jun.
2318 3471 2361 3521 a
2404 3470 2519 3513 no-

972 3554 1106 3616 -bis
1153 3550 1477 3615 hactenus
1521 3549 1751 3611 tributi
1791 3548 2117 3611 Salonino
2173 3548 2315 3610 sunt
2347 3545 2522 3610 resti·

998 3648 1279 3729 tuendi,
1343 3666 1561 3731 neque
1612 3645 1821 3708 solum
1875 3646 1970 3720 ii,
2050 3645 2163 3729 qui
2219 3642 2525 3714 Caesaris

996 3764 1250 3806 nomen
1283 3742 1720 3828 praeferunt,
1774 3744 1882 3804 sed
1933 3744 2181 3816 etiam,
2236 3742 2349 3826 qui
2391 3739 2523 3802 Au·

999 3837 1513 3924 gusti‚*quique
1559 3852 1841 3925 propter
1883 3839 2209 3919 Juvenilia
2274 3838 2412 3899 oris
2450 3837 2524 3899 li·

998 3947 1359 3997 neamenta
1421 3932 1793 4000 Valeriano
1854 3935 2093 3998 seniori
2155 3933 2365 3996 tribui
2408 3953 2517 3995 ne·

986 4039 1280 4113 queunt.
1387 4031 1565 4117 Ergo
1628 4031 1947 4115 deinceps
2000 4033 2185 4095 numi
2218 4029 2523 4114 Salonini

992 4125 1272 4210 Augusti
1295 4124 1466 4186 inter
1504 4147 1695 4189 raros
1719 4128 2098 4192 recensendi
2137 4146 2270 4189 non
2301 4139 2515 4208 erunt,

976 4221 1111 4286 ¹etli
1150 4219 1473 4283 rarissimi
1511 4220 1666 4295 lint,
1720 4226 1833 4306 qui
1887 4244 2134 4287 nomeu
2197 4221 2515 4287 SALON.

2627 746 2789 813 stum
2830 748 3142 815 habitum
3170 799 3190 833 ‚
3241 765 3312 818 et
3356 754 3534 839 quod
3573 752 3865 842 sequitur,
3898 758 4015 846 polle

2625 848 2688 908 ei
2731 866 2970 909 numos
3009 849 3189 914 alios
3206 848 3493 935 Augusto
3528 857 3773 916 nomine
3805 855 4010 940 inlignes,

2625 939 2738 1005 etfi
2775 942 3081 1008 Salonini
3135 966 3388 1011 nomen
3445 947 3643 1030 abiit,
3709 951 4007 1015 confidenter

2625 1038 2983 1122 applicari.

2719 1135 2805 1199 11.
2861 1135 2936 1197 Iu
2972 1138 3193 1199 numia
3233 1134 3513 1203 Graecis
3549 1140 3854 1205 discrimen
3879 1140 4006 1205 sacsse

2585 1227 2711 1291 ’est
2747 1231 2921 1294 inter
2959 1252 3202 1296 numos
3247 1234 3591 1300 Valeriani
3635 1240 3773 1316 avi,
3838 1252 3890 1303 et
3931 1242 4007 1300 Va·

2622 1325 2863 1389 leriani
2914 1328 3218 1392 Salonini
3271 1334 3538 1414 nepotis
3584 1353 3723 1396 cum
3769 1354 3837 1397 ex
3881 1334 4009 1398 linea·

2619 1424 2901 1499 mentis,
2956 1438 3096 1488 tum
3129 1427 3313 1510 quod
3370 1428 3562 1510 hujus
3603 1445 3787 1513 caput
3817 1432 4009 1515 plerum-

2621 1539 2751 1603 que
2799 1522 3051 1584 uudum
3102 1519 3229 1600 est,
3315 1525 3509 1608 isque
3566 1526 3787 1589 Caesar
3834 1539 4006 1588 tamum

2617 1615 2814 1703 saepe
2865 1605 3150 1693 dicitur,
3205 1633 3271 1681 et
3311 1640 3403 1684 ex
3456 1621 3694 1684 additis
3738 1623 4006 1686 nominibus

2616 1711 2795 1789 aliis,
2849 1728 2926 1777 ut
2959 1715 3249 1790 Cornelii,
3297 1715 3613 1794 Salonini,
3649 1719 3880 1793 Gallieni,
3899 1735 4007 1801 qaue

2615 1827 2822 1872 avum
2892 1830 3025 1874 non
3099 1824 3406 1896 tangunt.
3494 1815 3854 1879 Vaillantius
3900 1815 4006 1873 inter

2616 1902 2921 1972 Graecos
2988 1908 3340 1973 Valeriani
3395 1913 3534 1992 jun.
3602 1931 3811 1975 numos
3851 1910 4006 1972 recitat

2617 2020 2894 2067 numum
2933 2004 3313 2068 Samiorum
3341 2054 3362 2082 ‚
3421 2009 3486 2069 in
3531 2012 3704 2087 cuius
3748 2008 3913 2070 antica
3947 2002 4004 2062 le·

2617 2101 2831 2183 gitur:
2890 2103 2993 2164 ῙΓ.
3049 2104 3188 2165 ΠΟ.
3225 2106 3448 2168 ΛΙΚΙ.
3489 2098 4004 2169 OTAAffl’lANOC.

2618 2197 3003 2261 Praefixum
3042 2200 3143 2263 ΙΓ.
3171 2201 3524 2281 Egnatium
3564 2214 3771 2278 notat,
3811 2214 3903 2285 pro
3920 2211 4002 2278 quo

2619 2291 2866 2358 Graeci
2929 2294 3240 2379 scripsere
3280 2296 3733 2374 erATloC,
3789 2293 4003 2373 utsupra

2615 2391 2683 2452 iu
2725 2391 3109 2455 nominibus
3168 2389 3467 2456 Gallieni
3531 2394 3900 2456 advertimus.
3943 2384 4004 2445 Ex

2615 2490 2854 2550 addito
2893 2487 3035 2573 ipso
3075 2487 3209 2550 hoc
3252 2492 3531 2552 nomine
3573 2491 3715 2553 satis
3754 2490 4002 2551 docemur,

2613 2602 2886 2646 numum
2925 2584 3102 2646 hunc
3125 2584 3765 2666 Valerianijun.esse
3800 2601 3896 2645 non
3913 2574 4001 2664 pof-
4093 2610 4094 2635 ι

2611 2677 2712 2754 se,
2763 2679 2871 2741 sed
2897 2679 3225 2743 Salonini.
3280 2682 3658 2747 Traxithic
3695 2671 4000 2744 nomeuistud
4093 2668 4094 2711 l

2611 2793 2656 2836 a
2686 2787 2875 2858 patre
2911 2773 3225 2839 Gallieno
3249 2824 3268 2853 ‚
3321 2783 3442 2867 qui
3470 2827 3488 2858 ,
3543 2793 3613 2841 ut
3648 2781 3848 2861 ineius
3871 2766 4000 2835 nomi·

2611 2873 2808 2934 nibus
2867 2872 3199 2950 vidimus,
3265 2873 3542 2960 Egnatii
3611 2893 3822 2939 nomen
3864 2881 4001 2932 noni¹

2611 2981 2806 3054 patre
2872 2968 3238 3031 Valeriano
3266 3017 3283 3044 ,
3368 2974 3480 3035 sed
3561 2984 3760 3036 matre
3820 2962 4002 3029 habuit.
4091 2952 4092 2983 ¹

2612 3084 2815 3148 quam
2851 3064 3295 3129 verisimiliter
3321 3070 3578 3132 dictam
3599 3068 3892 3154 Egnatiam
3909 3053 4004 3119 Gal·

2612 3162 2862 3224 l-ienam
2895 3162 3216 3225 diximus.
3274 3168 3366 3226 At
3395 3186 3550 3228 cum
3593 3162 3843 3235 constet,
3880 3151 4002 3217 Vale·
4089 3180 4090 3235 ζ

2609 3258 2872 3319 rianum
2921 3256 3059 3338 jun.
3099 3280 3186 3321 ex
3224 3259 3362 3324 alia
3391 3275 3621 3324 matre
3670 3272 3890 3327 natum,
3945 3241 4002 3307 5¹¹3

2609 3349 2684 3418 in
2719 3353 2891 3416 haec
2939 3342 3214 3417 nomina
3249 3359 3354 3434 jus
3409 3378 3543 3420 non
3593 3357 3731 3422 fuit.
3783 3345 4001 3415 ‘Similem

2609 3449 2767 3513 huic
2807 3516 2814 3519 ,
2869 3450 3325 3526 Nicaeensium
3419 3475 3695 3517 numum
3773 3454 3826 3513 in
3900 3445 4002 3520 ciffi·

2610 3547 2765 3608 dem
2821 3547 3166 3609 Valeriani
3230 3552 3364 3629 jun.
3436 3565 3704 3613 moneta
3777 3541 4002 3608 mem⁰f³¹
4085 3604 4086 3609 ,

2612 3643 3040 3720 Pelleriniu8‚
3105 3644 3548 3730 inscriptum:
3633 3651 3700 3710 Γ.
3764 3647 3826 3706 H.
3885 3627 4001 3698 ΛΙΚ·
4085 3696 4086 3699 ,

2612 3741 3268 3818 ΟΤΑΛΕΡΙΑΝΟΈ,
3304 3740 3368 3821 ⁸)
3423 3762 3509 3806 ex
3551 3764 3680 3829 quo
3707 3739 4002 3823 sequeretur»
4084 3702 4086 3797 l

2609 3836 2865 3922 duplex
2930 3838 2990 3897 ei
3055 3857 3480 3922 praenomen
3547 3840 3758 3914 fuisse,
3801 3827 3931 3899 Call,
3965 3828 4006 3875 ‘t

2606 3932 2843 3997 Publii.
2897 3934 3032 3995 vix
3075 3936 3280 3997 credo
3307 3934 3569 3999 exstare
3593 3928 3914 4016 exemplum
3931 3915 4002 3976 ‘³¹¹'
4083 3918 4084 3963 ἶ

2607 4031 2804 4117 plicis
2832 4033 3290 4115 praenominis
3318 4033 3386 4093 in
3421 4053 3558 4097 uno
3583 4035 3900 4108 eodemque
3919 4028 4002 4074 ¹¹¹⁰·
4083 3984 4084 4069 l

2607 4140 2967 4203 numento,
3022 4125 3061 4188 si
3096 4126 3316 4192 Getae
3367 4150 3610 4193 numos
3652 4126 3902 4191 Graecos
3936 4107 4002 4167 de·

2609 4243 2781 4289 mas.
2870 4224 3102 4306 Quare
3166 4224 3495 4309 suspicor,
3562 4230 3625 4288 in
3674 4226 3786 4286 hoc
3822 4214 4003 4295 qwqu‘

1001 4319 1301 4398 addunt,
1355 4328 1420 4379 et
1470 4336 1755 4401 quorum
1797 4317 2175 4382 testimonio
2216 4316 2518 4393 constat,
2595 4316 2961 4403 ‘legendum
3007 4314 3109 4385 '11'
3176 4322 3510 4385 elemento
3559 4324 3589 4385 1
3645 4315 3848 4382 oculos
3895 4293 4001 4380 fugl'
4079 4308 4082 4361 ¹

856 4452 868 4459 -
1000 4414 1192 4477 fuiss'e
1252 4433 1421 4503 eum
1468 4414 1697 4476 saltem
1760 4412 1848 4475 ab
1900 4413 2240 4498 aliquibus
2295 4418 2519 4499 Augu·

2605 4429 2781 4482 ente·

990 4526 3997 4581 W

1080 4625 1139 4689 a)
1182 4622 1321 4678 Mel.
1357 4622 1434 4674 11.
1473 4639 1530 4692 p.
1571 4637 1691 4689 23⁰·
