4242 5459
1380 588 1451 660 N
1486 580 2317 663 VMERIANVS.

959 883 1066 949 M.
1161 880 1780 951 AVRELIVS

372 1068 533 1134 Cari
578 1068 752 1135 filius
807 1087 972 1138 natu
1031 1076 1286 1154 minor,
1361 1075 1469 1137 sed
1528 1075 1595 1136 in
1682 1074 1774 1136 se-

274 1167 372 1229 rie
442 1165 756 1231 historica
825 1173 1266 1256 praeponitur
1333 1171 1527 1234 fratri
1592 1169 1783 1234 Cari-

213 1281 219 1286 ·
272 1281 406 1337 no,
476 1266 799 1346 quoniam
855 1279 1011 1329 ante
1067 1267 1243 1331 hunc
1302 1270 1537 1331 vivere
1576 1264 1783 1329 denit.

271 1358 448 1419 Eum
490 1357 650 1421 bina
696 1380 1043 1426 marmora
1083 1364 1449 1428 Muratorii
1489 1362 1590 1427 M.
1639 1363 1781 1427 Nu-

269 1457 530 1517 merium
578 1455 1456 1546 Numerianum*appellant,
1537 1465 1594 1535 ⁸)
1667 1458 1778 1520 sed

270 1551 463 1610 numi
495 1551 596 1615 M.
644 1553 994 1619 Aurelium.
1089 1560 1149 1617 A
1195 1570 1384 1642 patre
1419 1554 1777 1639 imperium

268 1644 527 1730 adepto
564 1666 728 1713 mox
768 1669 921 1713 cum
958 1648 1168 1714 fratre
1220 1652 1464 1717 Caesar
1509 1649 1773 1712 dicitur.

622 1840 706 1904 V.
741 1839 806 1905 C.
840 1861 1016 1925 1Q35·
1056 1843 1133 1906 P.
1176 1842 1262 1908 X.
1292 1859 1448 1921 282.

448 1931 832 2004 CAESAR.
875 1936 1178 2004 PRINC.
1215 1931 1613 2011 IVVENT·

373 2125 589 2187 Victis
637 2128 705 2190 in
741 2128 1112 2194 Occidente
1151 2130 1480 2193 Sarmatis
1520 2140 1781 2214 patrem

258 2221 343 2283 in
395 2220 740 2285 Orientem
770 2226 1086 2289 adversus
1130 2228 1361 2288 Persas
1400 2227 1783 2288 comitatur.

563 2320 664 2383 M.
698 2321 904 2384 AVR.
950 2321 1573 2386 NVMERIANVS.
1608 2318 1684 2382 C.
1718 2325 1787 2381 in

268 2464 277 2472 .
566 2412 752 2480 aliis:
803 2416 1011 2482 NOB.
1055 2418 1131 2489 C.
1189 2418 1389 2500 Caput
1438 2416 1785 2480 laureatum

296 2546 301 2551 ·
346 2560 382 2572 ..
568 2511 640 2585 in
670 2511 835 2576 AV.
869 2512 1194 2579 radiatum
1246 2518 1313 2578 in
1348 2513 1499 2577 AE.
1539 2512 1684 2577 III.

260 2602 545 2690 MARS.
620 2604 973 2670 VICTOR
1030 2645 1128 2660 --
1187 2608 1787 2673 PRINCIPI.1V-

261 2698 551 2765 VENT.
592 2702 1085 2768 -VIRTVS.
1149 2702 1426 2841 AVGG.
1489 2737 1587 2753 -
1654 2724 1788 2769 cum

240 2796 400 2881 suis
433 2798 620 2879 typis.
785 2818 789 2823 ·

617 2984 701 3051 V.
740 2985 807 3052 C.
848 2991 1004 3071 1036
1053 2992 1131 3055 P.
1176 2992 1262 3056 X.
1295 3008 1451 3076 283.

516 3082 1093 3152 IMPERATOR.
1163 3087 1547 3156 CAESAR.

366 3271 431 3336 A
481 3283 677 3358 patre
703 3275 1049 3360 imperator
1075 3234 1493 3366 ’appellatum

560 3464 748 3530 IMP.
794 3465 871 3530 C.
928 3470 1026 3532 M.
1059 3466 1267 3533 AvR.
1336 3469 1791 3536 NVMERIA-

561 3559 759 3626 NVS.
808 3564 1012 3630 NOB.
1063 3563 1141 3635 C.
1196 3565 1397 3649 Caput
1429 3566 1785 3631 radiatum.

260 3651 627 3719 VIRTVS.
662 3655 996 3722 AVGGG.
1049 3662 1233 3726 Duae
1245 3663 1508 3747 figurae
1518 3662 1785 3745 patuda

257 3758 404 3825 tae,
457 3770 723 3835 quarum
746 3773 873 3819 una
907 3753 1135 3843 hastam
1158 3767 1352 3836 tenet,
1385 3761 1626 3847 stantes
1672 3759 1761 3826 V
1736 3780 1785 3822 ι

260 3847 614 3925 etot-iotam,
662 3870 764 3913 cm
750 3850 1044 3935 superne
1078 3857 1309 3942 fflrum
1340 3858 1632 3934 imminet,
1661 3874 1788 3921 ema

241 3939 565 4026 fiastinent.
619 3945 756 4010 AE.
790 3945 909 4012 111.
961 3947 1168 4029 (Mus.
1216 3949 1432 4030 Caes.)

368 4034 472 4098 De
541 4036 736 4100 titulo
818 4044 1273 4128 imperatoris,
1357 4060 1424 4110 et
1520 4047 1783 4134 triplice

264 4128 610 4195 AVGGG.
653 4148 890 4218 agetur
928 4138 1110 4205 infra
1148 4147 1217 4207 in
1270 4140 1546 4208 Carino.

529 4324 766 4391 Eodem
812 4348 976 4396 anno
1018 4342 1265 4399 mortuo
1297 4347 1501 4421 patre.

524 4421 1073 4495 AVGVSTVS.
1110 4431 1290 4495 COS.
1333 4433 1535 4499 DES.

317 4629 381 4695 ι)
416 4627 552 4700 ΡΒΕ.
587 4636 710 4703 256.
757 4654 810 4704 7.
847 4648 903 4691 et
934 4642 1057 4703 462.
1089 4658 1147 4712 5.

3263 602 3392 670 ςιι

1870 878 2693 950 NVMERIANVS.

1959 1073 2221 1135 Numos
2279 1091 2429 1134 cum
2487 1072 2685 1135 titulo
2741 1065 3051 1154 Augusti,
3136 1068 3253 1154 qui
3287 1072 3378 1136 ad

1830 1168 2039 1232 .hunc
2091 1188 2340 1231 aunum
2402 1169 2769 1250 pertinent,
2822 1165 2911 1231 ad
2978 1182 3226 1229 annum
3285 1167 3373 1251 se·

1866 1276 2180 1351 quentem
2216 1264 2610 1328 describam.

2186 1410 2273 1484 V.
2317 1417 2385 1483 C.
2437 1435 2613 1501 1037·
2665 1415 2744 1480 P.
2781 1408 2870 1480 X.
2897 1412 3055 1502 234}

2218 1509 2762 1581 AVGVSTVS.
2819 1511 3000 1577 COS.

1865 1609 2098 1675 Carino
2136 1611 2316 1694 Aug.
2348 1611 2453 1675 II.
2475 1609 2863 1675 Numeriano
2902 1604 3081 1692 Aug.
3123 1604 3224 1682 ΙῙ.
3265 1610 3376 1697 coſs

1965 1742 2166 1808 Teste
2208 1745 2501 1829 Vopisco
2560 1763 2714 1808 cum
2780 1753 3058 1828 propter
3097 1744 3380 1808 nimium

1866 1840 2140 1917 fletum,
2191 1860 2391 1925 quem
2449 1840 2659 1926 patris
2693 1836 2993 1901 defuncti
3029 1839 3384 1903 doloraex.

1868 1940 2227 2022 presserat,
2280 1935 2585 1998 dolerent
2619 1935 2844 2010 oculi,
2897 1935 3056 1996 dum
3089 1936 3156 1997 in
3194 1935 3382 2001 lecti-

1862 2053 1955 2096 ca
2005 2030 2332 2116 gestatur,
2381 2027 2685 2091 factione
2733 2030 2880 2090 Arii
2925 2031 3093 2112 Apri
3130 2029 3384 2111 soceri,

1872 2130 1986 2211 qui
2035 2126 2359 2204 invadere
2411 2121 2793 2186 conabatur
2838 2124 3224 2207 imperium,
3274 2147 3384 2191 oc.

1871 2213 2182 2287 cisus'est.
2235 2220 2527 2283 Facinus
2579 2238 2700 2302 per
2732 2220 2956 2303 plures
2995 2219 3137 2281 dies
3198 2221 3383 2291 lecti.

1872 2340 1994 2384 cae
2037 2316 2334 2381 tenebris
2378 2315 2792 2377 occultatum
2827 2361 2848 2392 ,
2897 2315 3176 2377 tandem
3235 2337 3384 2381 cor.

1871 2417 2059 2502 poris
2084 2411 2487 2476 tabescentis
2537 2409 2801 2472 foetore
2850 2411 3192 2494 proditum
3231 2432 3382 2499 per.

1871 2513 2053 2575 didit
2090 2521 2439 2571 auctorem
2495 2505 2708 2568 milite
2773 2504 3097 2567 ultionem
3150 2507 3384 2591 palam

1869 2604 2265 2693 postulante.
2317 2602 2604 2664 Facto-m
2627 2599 2796 2664 istud
2827 2598 3032 2663 refert
3051 2592 3382 2685 Victor,¹’)

1871 2724 2023 2768 cum
2068 2701 2438 2764 exercitum
2475 2717 2559 2760 ex
2598 2695 2816 2761 Persia
2858 2696 3247 2774 reduceret,
3293 2698 3384 2763 se.

1869 2800 2162 2863 cundum
2195 2813 2438 2858 numos
2464 2839 2485 2871 ,
2536 2804 2610 2854 ut
2640 2792 2899 2855 dicetur
2919 2790 3146 2872 infra,
3201 2814 3382 2858 meu·

1872 2896 1936 2959 se
1974 2891 2389 2977 Septembri.

1971 2989 2458 3053 Numerianum
2525 2986 2787 3071 egregie
2843 2997 3236 3064 moratum,
3323 2999 3393 3051 et

1869 3107 2031 3154 vere
2063 3087 2342 3171 dignum
2363 3084 2678 3167 imperio,
2726 3093 2869 3143 tum
2887 3101 3051 3144 vero
3074 3083 3389 3166 eloquen-

1872 3186 2012 3249 tiae
2055 3195 2127 3245 et
2162 3179 2442 3264 poeseos
2481 3175 2707 3237 studiis
2753 3176 2930 3237 adeo
2973 3177 3389 3256 excelluisre,

1875 3292 1950 3342 ut
1990 3277 2148 3340 aevi
2180 3275 2272 3337 sui
2307 3268 2904 3357 praestantissimos
2953 3269 3158 3335 facile
3210 3274 3396 3335 vice

1871 3376 1999 3448 rit,
2051 3391 2136 3434 ac
2189 3370 2479 3451 denique
2528 3365 2917 3428 difisimilem
2980 3367 3113 3430 sese
3188 3353 3390 3452 plane

1873 3468 2178 3532 moribus
2255 3460 2488 3527 fratris
2555 3459 2879 3547 perverfis
2957 3461 3388 3547 probaviss'e,

1872 3565 2084 3628 tradit
2112 3561 2464 3645 Vopiscus,

1968 3663 2203 3735 onr,
2256 3656 2399 3718 filia
2433 3653 2581 3717 ‚Arii
2617 3634 2812 3737 Apri
2826 3651 3161 3738 praefecti
3195 3673 3391 3738 prae·

1867 3756 2093 3834 torio,
2146 3757 2333 3837 cujus
2370 3763 2440 3815 et
2486 3769 2770 3831 nomen,
2856 3762 2924 3813 et
2978 3769 3263 3829 numos,
3341 3750 3391 3815 a

1872 3872 2043 3936 quos
2078 3850 2357 3927 habuit,
2425 3846 2851 3932 ignoramus,
2904 3851 3090 3932 Apro
3139 3846 3393 3911 Nume-

1744 3996 1749 4002 .
1868 3950 2045 4014 riani
2070 3947 2302 4013 socero
2350 3964 2438 4008 ex
2469 3961 2603 4006 uno
2640 3941 2934 4029 vopisco
2992 3944 3291 4029 cognito.
3343 3992 3349 3998 .

2610 4034 2641 4066 Β

2163 4092 3129 4206 1Mr.cffNVMEti1ANVS.
3181 4135 3258 4198 P.
3314 4136 3390 4203 r.

2158 4232 2369 4300 AVG.
2426 4230 2618 4295 COS.
2668 4230 2966 4297 Protome
2996 4233 3286 4309 laureata
3323 4229 3389 4295 d.

2142 4332 2455 4419 steph-um
2509 4348 2645 4392 cum
2705 4327 2916 4414 aquila
2940 4372 2959 4403 ,
3025 4326 3087 4411 s.
3136 4324 3394 4411 globum

2008 4432 2023 4451 ⁸
2153 4447 2293 4493 cum
2334 4421 2705 4493 Vmor-iota.

1865 4134 1970 4209 A.

1404 4638 1466 4709 b)
1502 4641 1561 4693 in
1595 4639 1871 4695 Caesarib.
