4242 5459
837 574 980 649 264

1037 759 1359 843 Argentei
1547 782 1577 804 ·
1773 793 1801 805 ·
1999 793 2026 807 ο
2105 767 2114 770 “
2224 794 2256 810 -

1037 856 1251 919 Aeaei
1304 856 1358 918 1.
1409 852 1679 915 formae
1780 888 1805 901 -
2005 888 2032 904 .

1039 950 1254 1014 Aenei
1308 950 1392 1013 11.
1450 961 1517 1011 et
1616 945 1737 1011 111.
1787 945 2054 1013 formae

849 1049 1186 1116 commatis
1229 1047 1591 1130 pmgrini:

1047 1142 1335 1205 Vrbium
1386 1142 1756 1205 liberarum

1042 1238 1490 1302 Coloniarum
1797 1284 1818 1305 .
2014 1271 2048 1291 -

1049 1335 1496 1400 Alexandrini
1797 1369 1830 1384 -

1763 552 2197 632 ANNIA
2292 551 3001 629 FAVSTINA.

3582 755 3861 824 RRRR.

3583 853 3858 1011 lOzRRR.

2448 791 2485 805 u
2682 793 2709 812 φ
2909 791 2942 806 ο
3128 791 3161 805 υ
3352 791 3387 809 υ

3581 1141 3794 1203 RRR.

3574 1238 3718 1300 Ra.
3766 1323 3773 1327 η

3575 1332 3783 1397 RRR.

1858 1622 2215 1690 JVLJA
2314 1579 2973 1736 SOAEJQJAS.

962 1820 1235 1887 Maerae
1259 1838 1343 1881 ex
1362 1816 1538 1880 Iulio
1573 1816 1780 1880 Avito
1821 1811 1988 1894 filia,
2040 1814 2382 1899 Elagaba-

861 1921 913 1986 li
954 1919 1082 1983 five
1145 1933 1229 1978 ex
1277 1916 1434 1977 Sex.
1479 1914 1693 1975 Vario
1739 1911 2072 1974 Marcello
2115 1912 2387 1994 mat-itu,

865 2018 999 2082 five
1032 2033 1116 2078 ex
1153 2009 1517 2074 Caracalla
1564 2007 1901 2082 adultere,
1955 2027 2110 2069 nam
2135 2019 2385 2069 utrum·

871 2133 1002 2198 que
1041 2106 1430 2184 ferebatur,
1479 2117 1718 2169 mater.
1815 2104 2024 2185 (Vide
2066 2103 2386 2189 genealo-

865 2210 1048 2296 giam
1084 2207 1153 2267 in
1192 2200 1573 2286 Elagabalo
1615 2199 1732 2263 snb
1795 2199 2116 2279 initium.)
2172 2200 2254 2261 Ei
2292 2199 2387 2263 se·

871 2306 1163 2369 cundum
1202 2299 1521 2374 Dionem,
1574 2297 2123 2368 etl-Ierotlianum
2142 2315 2394 2362 nomen

867 2401 1179 2476 Soaemae’s,
1222 2408 1296 2464 at
1325 2397 1397 2458 in
1419 2394 1638 2456 numis
1665 2403 1805 2455 tam
1837 2392 2140 2469 Latmia,
2183 2412 2389 2475 quam

873 2495 1156 2559 Graecis
1212 2492 1561 2556 Soaemias.
1614 2487 2022 2573 Capitolini,
2075 2505 2143 2551 et
2186 2489 2388 2549 Lam-

867 2593 1074 2679 pridii
1112 2590 1490 2653 Semiamira
1509 2597 1898 2668 corruptum
1935 2583 2041 2647 eil.
2095 2583 2279 2666 Lege
2306 2585 2389 2643 de

846 2689 1066 2764 'hujus
1122 2685 1426 2750 mulieris
1509 2682 1779 2742 nomine
1848 2683 2039 2742 varie
2095 2678 2388 2760 scripte,

819 2849 823 2854 ,
872 2788 1146 2864 ejusque
1173 2793 1404 2861 etymo
1432 2775 1791 2838 observata
1829 2773 1947 2838 los.
1983 2772 2389 2855 Scaligeri.⁸)

874 2879 1145 2940 Dicitur
1194 2886 1258 2934 et
1295 2874 1464 2937 Iulia
1521 2889 1606 2931 ex
1651 2866 2115 2932 adfectatione
2163 2873 2389 2952 Augu-

874 2969 1117 3033 starum
1151 2971 1289 3048 ejus
1333 2965 1576 3028 aetatis
1602 3012 1620 3039 ‚
1673 2975 1746 3025 ut
1787 2965 2043 3027 dictum
2069 3011 2090 3040 ‚
2144 2976 2210 3026 et
2233 2964 2392 3050 Basi-

865 3068 1045 3151 fiana
1095 3064 1166 3127 in
1202 3080 1541 3125 marmore
1576 3057 1883 3138 Graeco,
1953 3062 2136 3140 quod
2195 3060 2392 3143 supra

873 3162 993 3225 tub
1050 3161 1312 3224 initium
1389 3158 1572 3220 vitae
1650 3154 2009 3241 Elagabali
2059 3155 2393 3239 descripfi.

876 3257 984 3326 De
1041 3261 1179 3336 ejus
1233 3257 1426 3331 vita,
1508 3253 1830 3336 quamdiu
1879 3253 2155 3336 privata
2204 3265 2393 3330 erat,

877 3357 996 3418 vix
1029 3354 1288 3439 aliquid
1333 3372 1417 3414 ex
1465 3348 1901 3433 scriptoribus
1954 3348 2231 3412 constat.
2317 3349 2396 3412 Id

880 3464 1175 3528 eertum,
1230 3469 1380 3512 eam
1413 3458 1818 3510 materterae
1841 3444 2158 3508 Domnae
2196 3445 2395 3516 favo·

774 3543 778 3550 ’
874 3570 949 3613 re
987 3551 1280 3611 Romam
1320 3546 1612 3608 accitam
1659 3542 1726 3603 in
1771 3540 1932 3604 aula
1988 3560 2141 3604 cnm
2184 3540 2395 3604 Cara-

881 3646 1062 3708 calla
1099 3646 1280 3705 circa
1321 3660 1568 3704 annum
1610 3641 1690 3706 V.
1726 3635 1805 3700 C.
1839 3657 1977 3719 957
2013 3636 2394 3711 versatam;

879 3759 1038 3801 nam
1082 3737 1264 3800 secus
1321 3735 1561 3799 fabula
1612 3734 1696 3797 de
1736 3745 2069 3818 concepto
2120 3753 2207 3796 ex
2264 3732 2391 3796 Ca-

882 3832 1143 3895 racalla
1177 3829 1582 3914 ElagabaIO,
1637 3829 1752 3911 qui
1787 3849 1963 3891 anno
2003 3830 2270 3894 circiter
2298 3830 2390 3890 se·

882 3941 1126 4011 quente
1178 3939 1372 3988 natus
1399 3922 1523 4004 est,
1575 3922 1777 3985 fidem
1832 3945 1967 3988 non
2027 3925 2386 4009 reperisset.

2466 1835 2827 1880 manorum
2864 1813 3258 1899 religionem
3294 1812 3708 1878 dedidiciffet
3730 1861 3750 1892 ,
3816 1814 3988 1879 deo-

2470 1933 2601 1996 que
2674 1912 2789 1974 suo
2856 1911 3243 1995 cognomini
3300 1922 3493 1974 tanto
3519 1909 3793 1988 furore,
3871 1914 3993 1996 qni

2473 2005 2902 2072 contemnere
2943 2026 3093 2068 eum
3138 2005 3605 2089 qualecunque
3648 2007 3835 2070 aliud
3866 2027 3992 2070 nu·

2472 2125 2628 2168 men
2657 2103 2883 2187 jussit,
2937 2100 3368 2180 adhaesisset,
3422 2101 3540 2165 nifi
3574 2103 3734 2166 inde
3769 2103 3859 2166 ab
3886 2104 3985 2164 in·

2468 2199 2693 2265 fantia
2728 2200 3026 2262 animum
3055 2196 3238 2260 suum
3278 2195 3584 2261 fanatico
3622 2198 3745 2262 illo
3770 2194 3987 2261 oestro

2470 2297 2822 2361 imbuisset.
2875 2294 3056 2357 Filio
3111 2292 3370 2358 artibus
3420 2295 3696 2358 Maesae
3746 2285 3990 2360 eontra

2473 2394 2856 2458 Macrinum
2889 2392 3304 2475 imperatore
3331 2410 3374 2452 a
3404 2389 3728 2453 militibus
3748 2409 3989 2453 renun-

2472 2492 2696 2566 ciato,
2750 2485 3229 2568 commissoque
3268 2486 3384 2549 v1.
3414 2485 3567 2549 idus
3606 2486 3835 2550 Iunias
3892 2489 3989 2550 im

2471 2597 2575 2646 ter
2615 2594 2970 2665 utrumque
3036 2580 3373 2645 aemulum
3433 2583 3697 2666 praelio
3737 2602 3995 2668 magna

2469 2699 2630 2764 pars
2653 2663 2985 2742 v‘ictoriae
3008 2675 3164 2754 fuit,
3202 2697 3353 2741 cum
3379 2678 3814 2742 inclinantem
3840 2683 3989 2762 jam

2472 2775 2742 2837 suorum
2780 2773 3351 2859 aciem‘precibus
3387 2794 3468 2837 ac
3515 2775 3833 2838 lamentis
3864 2796 3997 2861 opo*

2471 2869 2688 2955 posito
2729 2871 2936 2933 etiam
2970 2869 3113 2932 filio
3153 2889 3392 2954 puero,
3446 2890 3488 2934 a
3519 2869 3683 2955 fuga
3720 2871 3991 2935 inhibu-

2473 2967 2639 3031 iss'et.
2674 2954 2741 3048 ¹’)
2792 2966 2967 3029 Mox
3002 2964 3334 3050 Angusta,
3385 2978 3456 3027 ut
3490 2988 3613 3051 par
3647 2978 3833 3042 erat,
3888 2968 3994 3031 di·

2472 3074 2588 3126 cta
2625 3073 2889 3125 tantum
2937 3064 3158 3148 gratia
3201 3063 3386 3146 apud
3446 3063 3660 3128 filium
3718 3064 3939 3128 valuit
3970 3111 3997 3141 ‚

2476 3171 2552 3223 ut
2594 3160 2653 3221 ia
2700 3157 2868 3221 nihil
2904 3160 2974 3221 in
3038 3158 3390 3243 republica
3439 3158 3737 3238 faceret,
3804 3163 3999 3244 quod

2475 3254 2621 3341 ipsa
2636 3249 2768 3317 non
2792 3251 3219 3338 probassem)
3239 3255 3414 3317 Sane
3434 3257 3657 3339 prima
3670 3254 3824 3331 fuit,
3846 3256 3999 3319 nul-

2475 3352 2547 3415 lo
2592 3353 2922 3416 hactenus
2973 3350 3332 3435 exemplo,
3400 3370 3579 3434 quae
3637 3372 3679 3414 a
3732 3351 3880 3414 filio
3921 3353 3997 3415 in

2477 3448 2777 3513 senatum
2836 3458 3093 3532 vocata
3135 3446 3205 3508 in
3275 3446 3618 3511 consulum
3671 3445 4001 3513 subselliis

2476 3545 2804 3609 consedit.
2855 3543 3131 3605 Novum
3168 3544 3375 3606 etiam
3434 3542 3697 3607 senatus
3740 3563 4005 3628 genus,

2478 3642 2551 3704 id
2607 3638 2739 3716 est,
2808 3640 3169 3701 mulierum
3232 3640 3617 3702 senaculum
3690 3640 3757 3702 in
3819 3641 4003 3705 colle

2479 3734 2816 3818 Quirinali
2866 3732 3239 3816 constituit,
3313 3734 3639 3821 factaque
3686 3747 3829 3798 tum
3882 3735 4005 3799 Se-

2476 3833 2860 3895 miamirica
2944 3831 3517 3896 senatusconsulta
3590 3834 3676 3896 de
3734 3830 4010 3916 legibus

2476 3926 3014 4003 matronalibuS‚
3078 3928 3432 3993 nimirum:
3503 3950 3637 4013 quo
3686 3948 4011 4011 quaeque

879 4020 1254 4085 Verisimile
1302 4019 1429 4093 est,
1481 4021 1646 4082 vivo
1703 4020 1924 4081 adhuc
1985 4019 2392 4102 Caracalla,
2480 4022 2715 4087 vestitu
2756 4025 3100 4107 prodiret,
3147 4044 3322 4106 quae
3373 4027 3479 4087 cui
3528 4026 3836 4101 cederet,
3893 4028 4011 4089 cui

881 4131 950 4180 et
1010 4137 1144 4178 non
1180 4113 1320 4198 poll
1364 4115 1553 4194 hujus
1599 4116 1870 4176 demum
1909 4135 2139 4177 necem
2166 4117 2231 4178 in
2277 4136 2395 4199 pa·
2480 4120 2852 4186 accedendi
2889 4105 2976 4182 ad
3014 4117 3307 4182 osculum
3344 4122 3546 4184 venia
3586 4122 3765 4198 effer,
3822 4142 4009 4204 quae

883 4216 1085 4277 triam
1134 4210 1436 4274 Emesam
1501 4208 1877 4282 reversam3
1952 4229 2168 4292 neque
2221 4214 2399 4274 enim
2483 4233 2713 4297 equo,
2769 4233 2944 4294 quae
2995 4213 3221 4293 afino,
3289 4237 3465 4300 quae
3522 4217 3704 4280 mulo
3730 4230 3757 4294 ‚·
3822 4237 4015 4301 quae

883 4309 1063 4372 filius
1103 4305 1516 4390 Elagabalus
1558 4306 1731 4366 intra
1773 4306 1927 4367 anni
1956 4305 2239 4390 spatium
2269 4308 2404 4371 Ro·
2487 4309 2667 4374 bove
2713 4309 3114 4389 veheretur,
3188 4324 3256 4375 et
3308 4333 3485 4396 quae
3526 4313 3725 4390 sella,
3783 4334 4025 4401 eaque

963 4539 1022 4615 a)
1057 4549 1114 4598 in
1152 4544 1407 4605 chronic,
1447 4539 1680 4595 Euam
1706 4559 1763 4614 p.
1803 4559 1920 4609 ψ.
2117 4519 2327 4610 tynio
2364 4543 2429 4597 1..
2464 4544 2793 4609 numm,
2834 4548 2864 4617 ς
2899 4557 2988 4618 ,η
3163 4552 3209 4617 ι)
3246 4509 3534 4622 impu.
3573 4551 3629 4601 s·
3666 4547 3923 4620 1⁴:1⁸5...
3958 4568 4025 4607 2.
