4242 5459
241 568 674 665 Μ
1071 571 1439 666 {ww
1606 567 2250 651 oRBIANA.
3330 558 3470 666 ..35

619 771 871 842 SALL.
956 775 1315 847 BARBIA'.
1398 775 1835 845 ORBIANA.
1917 772 2192 842 IVLIA.
2231 770 2665 840 MAMAEA.
2719 768 2930 841 AVG.
2950 761 3221 836 ΜΑΤ.
3296 774 3436 836 AV-

613 873 827 943 AVG.
876 877 1016 964 Huj
1016 901 1093 946 us
1130 888 1336 965 capnt.
1917 869 2218 939 GVSTI.
2256 867 2461 957 Caput
2486 871 2836 938 Mamaeae.
2868 869 3023 933 AE.
3039 889 3221 934 max.
3253 868 3438 934 mod.

322 966 515 1034 IM'P.
535 965 726 1035 SEV.
773 973 1349 1042 ALEXANDER.
1379 968 1588 1062 AVG.
1641 973 1847 1060 Caput
1917 967 2123 1054 (Mus.
2170 961 2444 1078 Theup.
2480 990 2548 1053 p.
2585 965 2785 1049 804)

320 1059 682 1133 Alabandei
718 1068 1092 1142 laureatum.
1143 1070 1349 1153 Quin.
2011 1065 2166 1128 Hoc
2205 1066 2543 1128 numisma
2587 1063 2630 1127 si
2701 1062 3097 1148 genuinum,
3165 1080 3299 1144 qua
3336 1060 3432 1122 su-

418 1163 619 1228 Hune
681 1165 1068 1247 quinarium
1128 1168 1435 1234 Khellius
1476 1189 1564 1234 ex
1613 1161 1857 1231 museo
1913 1155 2212 1245 spicione
2263 1160 2461 1246 saepe
2515 1160 2837 1224 laborant
2892 1151 3079 1221 numi
3150 1156 3437 1219 maximi

267 1259 598 1322 comitis
628 1259 874 1325 Ariosti
909 1265 1154 1342 edidit,
1185 1286 1474 1350 eumque
1505 1261 1840 1352 praestan·
1914 1256 2221 1333 moduli,
2276 1253 2840 1335 controversiam,
2893 1255 3081 1337 cujus
3115 1271 3295 1316 uxor
3322 1248 3428 1314 fu·

313 1352 794 1420 [lautissimum
851 1361 1338 1426 numismation
1376 1380 1686 1447 gemmae
1738 1358 1841 1424 fa·
1916 1355 2043 1420 erit
2080 1353 2434 1442 Orbiana,
2484 1353 2683 1440 plene
2715 1351 2998 1418 dirimit.

2654 1447 2683 1480 U

316 1450 452 1514 cile
501 1449 751 1538 suppar
798 1455 1197 1541 appellavit.
1231 1458 1300 1541 ⁸)
1351 1459 1604 1523 Probat
1637 1458 1839 1530 enim,

313 1545 699 1610 Orbianam
740 1551 1136 1617 Alexandro
1169 1552 1358 1618 fuiss'e
1397 1554 1834 1619 matrimonio
2206 1543 2462 1614 SALL.
2554 1545 2917 1614 BARBIA.
3000 1483 3433 1605 ORBI'ANA.

305 1645 664 1725 junctam,
709 1664 871 1709 cum
921 1648 1146 1713 adhuc
1177 1650 1444 1715 saeculo
1493 1650 1834 1734 superiore
1952 1629 1962 1644 ¹
2198 1637 2408 1711 AVG.
2454 1643 2673 1729 Hujus
2715 1649 2925 1728 caput.

311 1739 743 1818 crederetur,
812 1740 1006 1808 fuifl‘e
1073 1764 1228 1809 eam
1272 1746 1470 1810 Decii
1519 1765 1827 1810 uxorem.
1909 1737 2474 1807 CONCORDIA.
2511 1735 2787 1804 AVGG.
2842 1734 3082 1803 Mulier
3105 1725 3424 1822 fidensd.

311 1836 467 1899 Hoc
503 1846 576 1898 ut
606 1837 895 1903 multum
947 1841 1035 1905 ad
1070 1838 1419 1907 historiam
1452 1843 1826 1928 imperato·
1897 1849 2215 1923 pateram,
2224 1838 2283 1924 s
2305 1840 2725 1922 cornucopiae
2744 1835 2882 1902 AV
2888 1832 3098 1920 (Mus.
3120 1831 3388 1915 Theup.
3398 1825 3429 1910 )

311 1951 462 1995 rum
520 1931 754 2012 valet,
823 1937 926 2001 ita
994 1956 1284 2016 vereor,
1352 1952 1428 2002 ut
1473 1940 1828 2025 quinarius
1907 1936 2055 2001 AR.
2108 1933 2314 2020 (Mus.
2342 1931 2568 2015 Caes.)
2972 1965 2979 1974 ·

306 2027 650 2113 praesens
684 2049 837 2093 eam
894 2031 1112 2096 lucem
1184 2035 1397 2118 possit
1461 2032 1826 2119 praestare.
2196 2030 2436 2095 Eadem
2482 2027 2761 2114 adversa·

311 2124 491 2187 Nam
523 2125 787 2210 pridem
848 2127 1128 2194 dubium
1189 2131 1355 2193 mihi
1412 2133 1636 2194 movit
1687 2130 1830 2212 epi·
1907 2124 2470 2190 CONCORDIA.
2515 2109 3178 2193 AVGVSTORVM.
3220 2118 3288 2183 S.
3343 2113 3422 2182 C.

243 2256 247 2259 <
305 2220 566 2307 graphe
634 2225 881 2308 capitis
946 2224 1324 2288 Alexandri
1389 2221 1577 2294 ῙΜΡ.
1636 2224 1827 2289 SEV.
1877 2222 2082 2287 Idem
2111 2233 2319 2306 typus.
2375 2221 2452 2284 In
2483 2219 2677 2284 aliis·
2730 2215 3101 2284 Alexander
3132 2226 3190 2280 et
3236 2213 3423 2280 orbi-

305 2316 890 2382 ALEXANDER.
951 2320 1211 2398 AVG„
1280 2342 1458 2404 quae
1507 2323 1827 2406 quidem,
1905 2338 2034 2383 ana
2055 2320 2598 2407 stantesjaemgunt
2630 2315 2954 2388 dexteras.
3023 2314 3169 2380 AE.
3220 2311 3276 2377 Ι.
3329 2308 3421 2372 Π.

306 2424 383 2475 ut
415 2411 757 2491 vidimus,
807 2416 1028 2479 valuit
1079 2417 1148 2479 in
1205 2421 1426 2481 numis
1480 2418 1710 2480 aeneis
1776 2418 1826 2480 1.
1903 2414 2112 2500 (Mur.
2155 2410 2382 2494 Caes.)
2522 2477 2535 2486 ,

301 2520 376 2571 et
422 2509 511 2582 11,
571 2507 884 2588 formae,
958 2513 1029 2574 in
1094 2514 1392 2576 denariis
1441 2514 1706 2590 aureis,
1759 2525 1828 2577 et
1998 2507 2149 2574 Iam
2189 2510 2487 2573 advertit
2519 2504 3006 2594 spanhemius,
3059 2504 3128 2565 in
3169 2501 3274 2565 his
3305 2520 3424 2565 nu·

299 2606 652 2691 argenteis,
692 2627 1076 2691 nunquam,
1146 2609 1212 2672 in
1259 2611 1503 2692 quibus
1566 2611 1826 2695 semper
1901 2608 2031 2671 mis
2075 2609 2293 2691 magis
2330 2607 2606 2691 integris
2656 2603 2864 2667 etiam
2919 2621 3006 2665 ex
3060 2597 3245 2662 tenui
3316 2597 3418 2682 pi·
3492 2659 3501 2676 ,

301 2701 546 2786 legitur
583 2705 1001 2768 contractius
1033 2704 1499 2772 ALEXAND.
1575 2706 1647 2771 Si
1688 2707 1823 2771 hoe
1900 2716 2094 2776 ctura
2140 2703 2302 2766 satis
2365 2701 2705 2787 perspici,
2762 2701 3275 2783 imperatorem
3345 2695 3423 2757 in·

297 2799 709 2884 compendio
749 2799 837 2862 usi
873 2801 1020 2864 sunt
1068 2804 1429 2865 monetarii
1470 2805 1541 2866 in
1598 2804 1819 2867 numis
1889 2815 2091 2890 parte
2125 2799 2362 2864 aversa
2415 2796 2692 2861 stantem
2738 2792 2922 2857 nullo
2962 2806 3165 2881 pacto
3217 2790 3419 2862 Deci·

295 2891 566 2958 formae
619 2897 1053 2972 ordinariae,
1106 2907 1175 2960 et
1213 2900 1526 2982 maj0ris,
1602 2900 1818 2963 multo
1894 2916 2053 2971 um,
2107 2907 2180 2959 at
2232 2895 2697 2959 Alexandrum
2753 2888 2961 2954 facile
3016 2889 3268 2952 referre
3328 2888 3419 2967 ,⁶2

293 2991 517 3075 magis
561 2990 648 3053 uli
696 2993 899 3056 esseut
942 2994 1008 3054 in
1038 2995 1379 3076 'quinaria
1442 2998 1650 3060 Vnito
1691 3015 1820 3080 po·
1895 2995 2083 3075 quod
2118 3005 2187 3056 et
2208 2993 2353 3080 ipse
2389 2995 2457 3056 in
2500 2991 2668 3053 meis
2712 2983 3096 3052 observavi.

293 3084 435 3149 Rea
475 3106 624 3148 cum
672 3107 845 3173 gaza
886 3086 1223 3153 Caesarea
1287 3091 1509 3153 museo
1547 3095 1639 3154 A·
1645 3091 1820 3154 iosii·
1938 3107 1946 3113 ·
2643 3085 2671 3118 ³⁵

155 3249 164 3258 ‚
259 3202 439 3248 rano
476 3203 715 3246 numus
753 3186 862 3247 hic
904 3205 947 3247 a
980 3204 1087 3247 me
1122 3185 1373 3249 solicite
1415 3185 1813 3270 exploratus
2088 3221 2096 3230 -
2178 3184 2416 3251 Eadem
2457 3181 2738 3268 adversa.

243 3278 513 3376 ¹*etiam
572 3299 691 3360 per
723 3281 1065 3344 literarum
1111 3279 1407 3344 formam
1477 3281 1812 3365 suspectus
1887 3272 2780 3344 MINERVA.VICTR1X.
2837 3275 3412 3361 Manervastansd

287 3374 476 3437 visus
514 3371 641 3451 efl,
694 3389 765 3436 ut
802 3377 977 3440 adeo
1033 3377 1123 3438 ad
1170 3376 1564 3440 faciendam
1613 3375 1813 3440 histo·
1896 3374 2343 3451 Victoriotam,
2375 3375 2434 3458 s.
2485 3373 2768 3445 hastam,
2811 3393 2937 3454 pro
2976 3370 3242 3454 pedibus
3290 3373 3407 3452 cly-

285 3473 439 3534 riae
476 3470 686 3533 fidem
728 3475 866 3554 ejus
913 3493 1182 3557 quoque
1236 3472 1688 3537 testimonium
1742 3471 1816 3535 sit
1877 3490 2053 3553 ραις.
2104 3472 2245 3536 AR.
2300 3468 2502 3555 (Mus.
2548 3465 2774 3544 Caes.)

255 3565 684 3652 ·suspectum.
737 3568 1050 3632 Ceterum
1087 3568 1392 3632 exstitisse
1422 3569 1698 3631 similem
1741 3589 1810 3631 a·
1987 3566 2266 3649 Ignotus
2324 3562 2457 3626 fuit
2521 3563 2635 3623 hio
2673 3578 2960 3635 numne,
3033 3568 3405 3643 antequam:

285 3662 454 3726 lium
489 3665 562 3726 in
634 3664 856 3728 museo
919 3666 1284 3729 cardinalis
1332 3667 1809 3749 Buoncompa-
1890 3680 2043 3723 eum
2081 3659 2449 3747 vulg-assem
2486 3661 2555 3721 in
2580 3677 2732 3720 mea
2764 3655 3041 3740 Sylloge
3075 3655 3126 3719 1.
3144 3675 3207 3740 p.
3243 3666 3398 3732 104.

285 3761 448 3844 gni,
499 3758 896 3825 Gotifredus
943 3763 1127 3843 apud
1177 3762 1662 3846 spanhemium
1712 3775 1807 3826 te·
2446 3805 2477 3838 a
2626 3752 2656 3804 '³
2804 3802 2835 3837 ιι
2973 3833 2976 3839 Δ
3071 3794 3077 3802 ·

285 3854 530 3938 statur,
578 3858 868 3940 iri-cujus
907 3878 1043 3920 una
1092 3858 1439 3943 superficie
1489 3859 1644 3921 esset
1694 3877 1804 3922 ca·
2174 3852 2412 3918 Eadem
2448 3849 2724 3941 adversa.

282 3963 421 4037 put
463 3952 875 4033 Alexandri,
930 3953 1149 4017 altera
1191 3955 1561 4020 Orbianae.
1612 3943 1677 4037 ¹³)
1876 3947 2623 4028 PVDIClTIA.‚AvG.
2678 3947 2914 4014 Mulier
2933 3945 3151 4034 sedens
3194 3946 3258 4012 d.
3285 3946 3400 4033 fa·

1021 4053 1052 4083 *⁸
1877 4050 2024 4114 ciem
2062 4046 2260 4121 velat,
2293 4048 2353 4133 s.
2387 4044 2636 4125 hallam.
2692 4047 2834 4112 AR.
2890 4039 3165 4130 (Vaill.)

570 4144 1800 4214 1MP.SEV.ALEXANDER.AVG.
2169 4143 2403 4210 Eadem
2454 4137 2731 4232 adversa.

577 4243 767 4308 SAL.
775 4243 1133 4308 BARBIA.
1155 4244 1582 4310 0R131ANA.
1592 4242 1798 4309 AVG.
1872 4231 2432 4306 TEMPORVM.
2476 4239 2650 4301 FEI
2656 4231 2975 4302 1C1TA8.
3045 4222 3282 4303 Mulier
3303 4235 3399 4352 st-

443 4381 448 4388 ·
577 4340 808 4426 Capita
835 4343 1161 4426 utriusque
1196 4338 1473 4426 adversa.
1871 4336 2022 4403 dens
2057 4341 2223 4403 iuter
2256 4346 2387 4402 tres
2417 4335 2687 4422 puellos,
2737 4354 3001 4422 quorum
3062 4337 3250 4398 unius
3296 4321 3396 4422 ca}

344 4578 735 4652 a),Subplem.
774 4576 848 4630 ad
887 4577 1055 4634 Vaill.
1092 4594 1149 4649 p.
1194 4588 1309 4646 147.
1507 4576 1563 4643 b)
1602 4578 1766 4631 Tem.
1804 4580 1879 4633 11.
1915 4596 1971 4652 p.
2012 4594 2132 4649 299·
2202 4597 2211 4606 ⁴
2305 4579 2356 4648 ο)
2392 4579 2557 4632 Tom.
2598 4578 2671 4629 11.
2711 4593 2769 4650 p.
2803 4591 2929 4643 3⁰⁰·
