4242 5459
798 500 827 540 1·

1279 529 2107 611 ANTONINVS
2201 529 2515 698 Ply‘s.

3377 557 3460 631 &3

318 733 732 800 ,mem-m.
766 733 1335 812 memnon.
1372 736 1457 800 11.
1481 699 1559 802 ss
1587 735 1663 801 c,
1703 736 1851 803 Duo
1941 722 1998 817 f)
2055 752 2207 796 eum
2243 733 2634 802 Hadrianus
2668 740 2881 797 octavo
2916 737 3145 800 aetatis
3191 740 3452 804 anno-ia

317 835 582 898 ancilia.
637 831 897 895 AE.11.
950 831 1155 914 (Mus.
1182 830 1415 911 Caes.)

421 931 536 991 De
589 928 791 990 ancili
842 941 1162 1011 regnante
1220 928 1442 990 Numa
1500 930 1583 990 de
1650 928 1847 991 coelo

314 1026 517 1112 lapso
563 1028 629 1086 in
664 1023 937 1087 salutem
967 1024 1178 1100 urbis,
1214 1036 1299 1085 ‘et
1324 1044 1405 1087 ne
1442 1026 1677 1111 pignus
1705 1038 1845 1087 tam

314 1120 691 1207 pretiosum
728 1118 985 1183 auferri
1012 1118 1479 1203 furtopossit,
1532 1122 1846 1182 undecim

314 1217 648 1279 limilibus
673 1215 825 1278 aliis
855 1214 944 1278 ab
965 1214 1223 1280 artifice
1250 1218 1594 1279 Mamurio
1618 1214 1842 1278 fabre-

310 1312 579 1390 factis,
665 1322 808 1374 tum
880 1312 964 1373 de
1017 1310 1331 1375 saliorum
1369 1314 1500 1376 ritu
1535 1332 1618 1374 ea
1663 1310 1843 1373 statis

317 1407 571 1472 diebus
628 1428 751 1490 per
799 1405 1038 1470 urbem
1112 1407 1500 1492 gestantium
1572 1408 1841 1470 abunde

316 1520 555 1568 actum
585 1505 671 1566 ab
706 1503 1008 1583 eruditis,
1043 1507 1161 1590 qui
1192 1505 1355 1567 ritus
1374 1505 1840 1566 Romanorum

315 1601 702 1662 memoriae
731 1600 1119 1683 prodidere.
1218 1601 1350 1662 Hic
1396 1619 1562 1663 vero
1602 1619 1840 1662 numus

314 1696 565 1759 ancilis
592 1694 887 1758 formam
923 1696 1192 1780 egregie
1225 1697 1314 1759 ob
1349 1695 1584 1758 oculos
1622 1696 1838 1778 ponit,

317 1791 547 1876 estque
608 1792 889 1875 clypeus
957 1791 1329 1877 oblongus,
1402 1804 1470 1853 et
1528 1792 1717 1856 v'elut
1770 1792 1838 1852 in

314 1901 461 1950 tres
500 1889 784 1971 clypeos
835 1889 1129 1952 minores
1181 1887 1477 1964 divisuri,
1536 1893 1833 1969 *quorum

313 1986 590 2047 medius
612 1981 884 2046 “fulmen
916 1984 1314 2069 insculptum
1338 2030 1356 2060 ,
1410 1996 1474 2046 et
1516 1983 1835 2047 volumen

312 2078 739 2144 contractius
771 2079 979 2144 habet
1003 2128 1022 2157 ‚
1075 2091 1147 2141 ut
1186 2083 1361 2143 adeo
1405 2094 1690 2163 utraque
1726 2099 1834 2170 ex·

310 2177 630 2239 tremitas
675 2177 890 2259 magis
928 2175 1337 2260 exspatietur
1386 2176 1611 2238 medio
1643 2173 1838 2236 arcti·

312 2293 462 2336 ore.
504 2273 729 2352 Atque
763 2270 1059 2353 inspecto
1093 2272 1225 2335 hoc
1262 2291 1467 2335 numo
1507 2269 1709 2333 facile
1735 2273 1837 2331 in·

310 2368 710 2451 telliguntur
747 2379 865 2429 aut
908 2368 1119 2430 verba
1154 2366 1463 2450 Dionysii
1514 2364 1834 2428 Halicar-

308 2461 627 2528 nass'enlis
649 2506 668 2537 ,
756 2461 921 2524 illud
979 2463 1182 2548 limile
1224 2465 1351 2527 ell'e
1367 2465 1545 2551 βαΐα
1575 2464 1871 2545 virgata·

308 2560 707 2644 angustiores
761 2555 1012 2624 habenti
1060 2558 1321 2625 laterum
1370 2562 1666 2625 cavitates
1706 2558 1829 2621 ad-

308 2654 581 2731 serenti,
634 2650 704 2740 ⁸)
757 2666 876 2717 aut
907 2653 1076 2717 Festi
1107 2656 1491 2743 prodentis,
1541 2643 1833 2735 ¹⁸)*fuiss'e

313 2772 400 2816 ex
429 2760 694 2835 utroque
720 2748 910 2816 tatere
939 2753 1190 2838 rec-istam
1213 2799 1231 2829 ,
1281 2764 1353 2817 ut
1379 2753 1684 2839 summum
1730 2755 1830 2815 in-

290 2849 640 2937 fimumque
703 2847 834 2931 ejus
884 2846 1054 2911 latus
1108 2848 1304 2913 medio
1363 2858 1644 2933 pateret,
1710 2859 1831 2910 aut

1919 831 2228 916 saliorum
2249 829 2578 913 ,collegium
2619 831 2853 893 retulit.
2908 831 3244 916 Insalizttu
3283 855 3454 900 omen

1940 930 2166 1010 aceepit
2197 929 2461 1010 imperii.
2504 919 2800 990 'Coronas
2836 926 3120 991 omnibus
3150 932 3215 992 in
3242 933 3444 1013 pulvi·

1936 1042 2064 1088 nar
2114 1043 2194 1086 ex
2248 1044 2417 1086 more
2454 1022 2832 1107 jacientibus
2874 1023 3033 1088 aliae
3086 1026 3231 1091 aliis
3297 1029 3447 1093 locis

1935 1117 2285 1204 haeserunt,
2338 1120 2524 1203 hujus
2555 1119 2719 1183 velut
2753 1141 2942 1184 manu
2979 1124 3172 1203 capiti
3202 1126 3448 1188 Martis
3533 1151 3554 1158 ·

1896 1259 1901 1268 ·
1935 1225 2159 1300 aptota
2194 1217 2286 1303 est.
2341 1218 2494 1281 Fuit
2521 1219 2586 1279 in
2624 1236 2688 1278 eo
2705 1216 3055 1302 sacerdotio
3093 1228 3151 1281 et
3174 1221 3445 1305 praesul,

1933 1322 1993 1375 et
2022 1321 2195 1375 vates
2220 1359 2238 1387 ‚
2290 1323 2349 1376 et
2384 1313 2692 1397 magister,
2744 1323 2805 1376 et
2842 1315 3066 1378 multos
3099 1317 3449 1400 &augura-

1930 1411 2043 1484 vit‚
2080 1416 2155 1470 -et
2172 1413 2596 1492 exauguravit
2633 1411 2864 1473 nemine
2885 1421 3239 1493 praeeunte,
3281 1414 3452 1499 quod

1928 1504 2048 1592 ipse
2077 1508 2361 1569 carmina
2397 1514 2610 1568 cuncta
2640 1503 2944 1595 didictfflt.
3023 1507 3180 1569 Fuit
3215 1524 3442 1572 autem

1932 1599 2249 1662 saliorum
2289 1620 2528 1662 munus
2568 1613 2633 1661 et
2677 1619 2953 1665 movere
2978 1649 2998 1680 ‚
3053 1616 3120 1665 et
3149 1606 3440 1668 condere

1932 1694 2202 1762 ancilia.
2270 1695 2454 1757 Fieri
2497 1708 2806 1779 poterat,
2874 1710 2983 1776 ut,
3030 1700 3443 1790 quaecausa.

1928 1788 2123 1870 hujus
2154 1792 2304 1876 typi
2338 1791 2461 1853 ess'e
2500 1793 2757 1876 potuit,
2824 1795 3189 1877 peculiaris
3240 1816 3442 1878 quae·

1930 1886 2089 1947 dam
2152 1889 2571 1950 caerimonia
2616 1888 2704 1949 ad
2778 1891 3029 1953 ancilia
3101 1894 3440 1976 pertinens

1928 1984 2109 2044 circa
2161 1983 2329 2046 istud
2373 1996 2637 2080 tempus
2705 2001 3178 2069 perageretur,
3253 1999 3439 2068 cujus

1927 2079 2108 2140 adeo
2177 2081 2393 2142 honos
2449 2081 2536 2141 ad
2587 2091 2954 2164 utrumque
3031 2086 3441 2148 Antoninum

1930 2173 2322 2254 spectabat,
2379 2177 2464 2236 ad
2513 2176 2818 2237 Marcum
2865 2176 3137 2243 saliatus
3178 2181 3437 2265 praesu-

1927 2268 2057 2329 lem
2084 2318 2104 2350 ,
2148 2284 2215 2334 et
2248 2273 2441 2332 Pium
2485 2268 2846 2351 Augustum
2888 2284 3123 2354 utpote
3171 2275 3438 2357 pontifi-

1926 2382 2073 2426 cem
2111 2368 2481 2427 maximum
2509 2388 2527 2434 ;
2589 2383 2743 2424 nam
2777 2385 2970 2426 arma
3001 2369 3274 2441 Martis,
3307 2369 3438 2430 five

1924 2460 2175 2524 ancilia
2200 2481 2283 2522 ex
2307 2456 2598 2521 instituto
2629 2461 2956 2539 majorum
2984 2460 3237 2545 semper
3253 2465 3439 2546 apud

1920 2555 2250 2628 summum
2301 2553 2684 2641 pontificem
2739 2554 3214 2636 servabantur,
3299 2558 3444 2641 ipse,

1916 2651 2280 2716 vero‘teste
2314 2650 2705 2736 Capitolino
2742 2650 2996 2713 nullum
3033 2651 3430 2717 sacrificium

1918 2770 2039 2834 per
2075 2751 2407 2813 vicarium
2438 2745 2639 2824 fecit,
2694 2745 2809 2809 nisi
2850 2766 3002 2809 cum
3039 2767 3241 2834 aeger
3273 2748 3424 2813 fuit.

1917 2847 2048 2910 Sed
2084 2858 2154 2909 et
2190 2846 2348 2909 lecti
2379 2845 2571 2924 hujus
2616 2843 2764 2930 typi
2804 2843 3002 2906 causa
3033 2845 3158 2907 ess'e
3202 2847 3429 2932 potuit

307 2938 706 3022 Plutarchi,
758 2942 874 3026 qui
917 2941 1084 3007 illud
1118 2948 1451 3031 incisionem
1486 2942 1710 3008 habere
1742 2944 1824 3007 li-
1913 2957 2114 3007 notus
2161 2941 2489 3007 Antonini·
2520 2941 2588 3001 in
2619 2961 2723 3002 res
2767 2938 2952 3002 urbis
2991 2953 3252 3004 veteres
3308 2944 3426 3005 ad·

306 3058 465 3103 neae
511 3034 856 3100 cochleatim
898 3040 1187 3121 sinuatae
1213 3090 1234 3122 ‚
1274 3043 1486 3125 'neque
1524 3038 1826 3126 absblvere
1909 3038 2170 3117 fecum,
2205 3041 2308 3102 de
2347 3057 2481 3120 quo
2519 3055 2794 3120 agemus
2842 3034 3023 3098 infra
3085 3035 3230 3120 post
3274 3038 3420 3101 seri·
3473 3033 3486 3040 “

305 3131 605 3198 circutum
633 3141 705 3195 ut
726 3134 955 3216 penam
999 3136 1340 3201 adfirmat.
1369 3137 1436 3216 ⁶)
1518 3138 1671 3199 Non
1708 3137 1822 3201 ab·
1909 3152 2016 3198 em
2047 3133 2598 3217 chronologicam
2640 3147 3000 3195 numorum
3026 3134 3371 3198 Antonini.

308 3228 511 3292 fimili
543 3229 753 3291 modo
782 3229 1190 3317 exhibentur
1224 3231 1474 3295 ancilia
1505 3234 1576 3296 in
1618 3234 1824 3296 dena·
2459 3281 2496 3313 2,
2640 3225 2676 3258 *¹⁸
2826 3242 2886 3309 ,ρ

302 3326 431 3388 riis
480 3324 701 3410 gentis
769 3324 1075 3392 Liciniae
1149 3328 1546 3406 Stolonum,
1630 3341 1697 3392 et
1753 3331 1822 3393 in
2201 3325 2295 3390 Vt
2326 3325 2422 3390 tit.
2464 3323 2553 3388 A.

301 3437 590 3506 gemma
623 3418 961 3484 Leonardi
994 3422 1376 3509 Augustini,
1448 3441 1623 3506 quae
1677 3422 1826 3487 [istit
1906 3415 2845 3488 APOLL1N1.AVGVSTO.
2898 3418 3121 3505 Apodo
3160 3428 3424 3504 togatas

298 3516 518 3579 salios
564 3513 732 3577 duos
766 3518 1033 3582 velatos
1064 3524 1196 3583 ritu
1237 3518 1550 3597 Gabino,
1603 3533 1669 3583 et
1711 3519 1822 3585 sex
1884 3521 2065 3608 stam
2123 3520 2190 3583 d.
2243 3526 2570 3601 pateram,
2614 3516 2920 3598 fityram.
2972 3517 3119 3575 AV.
3174 3515 3413 3596 (Thes.

298 3611 566 3676 ancilia
621 3631 705 3673 ex
757 3624 959 3677 conto
1016 3615 1313 3700 suspensa
1355 3613 1699 3700 gestantes.
1758 3606 1822 3696 ³)
1904 3612 2196 3694 Brand.)
2250 3612 2399 3674 AR.
2481 3620 2541 3674 et
2604 3608 2818 3674 addito
2890 3608 2955 3671 S.
3025 3606 3100 3672 C.
3136 3602 3305 3672 'AE.
3357 3612 3410 3673 1.

296 3709 570 3772 Eorum
633 3709 1006 3790 exprell’am
1050 3710 1348 3775 formam
1417 3711 1576 3774 vide
1613 3711 1819 3774 etiam
1903 3709 2111 3795 (Mus.
2145 3705 2367 3790 Caes.)

294 3804 371 3866 in
409 3802 647 3866 Museo
678 3802 1092 3870 Florentino.
1145 3814 1199 3886 e)
1707 3800 1726 3814 '
1996 3797 2252 3889 Apollo
2297 3805 2366 3867 in
2413 3802 2518 3867 his
2572 3802 2788 3867 numis
2840 3811 3287 3884 comparens,
3339 3811 3416 3864 ut

405 3897 759 3979 ConJ'icere
812 3899 1055 3980 liceat,
1108 3904 1430 3986 quoniam
1489 3902 1818 3966 Antonini
1903 3901 2121 3966 cultus
2164 3902 2400 3978 docet,
2460 3900 2689 3963 Actius
2730 3896 2819 3962 est
2853 3898 3289 3982 magnainde
3313 3896 3407 3961 ab

290 3992 582 4058 historia
613 3992 784 4056 nihil
816 3994 1195 4081 suppeditat
1220 4046 1239 4077 ,
1295 3999 1476 4083 quod
1513 4018 1659 4062 cum
1703 4020 1817 4062 an·
1902 3995 2194 4082 Augusto
2223 3997 2314 4061 ab
2356 3989 2878 4082 imperatoribus
2903 3992 2993 4056 ob
3027 3993 3280 4055 victum
3316 3994 3408 4056 ad

286 4090 1030 4168 cilibusconnectatur,
1078 4095 1854 4179 hunctypumamone·.
1900 4094 2199 4158 vicinum
2277 4096 2414 4173 ejus
2488 4085 2813 4177 teinplum
2855 4090 2965 4152 M.
3043 4091 3410 4152 Antonium

288 4187 491 4249 tariis
529 4186 776 4248 lectum
812 4187 879 4249 in
918 4190 1208 4272 gratiam
1234 4189 1485 4253 Aurelii
1507 4190 1813 4254 Caesaris

281 4281 387 4346 ab
428 4280 557 4344 illo
602 4281 944 4365 adoptati.
1017 4285 1124 4348 De
1162 4286 1295 4349 hoc
1336 4283 1757 4371 Capitolinus
1793 4311 1809 4353 ε

351 4519 418 4585 ει)
452 4517 524 4570 Ι..
560 4518 648 4584 Π.
679 4536 738 4594 p.
771 4537 846 4575 m.
888 4536 1003 4588 ¹29·
1270 4519 1343 4586 b)
1368 4521 1441 4574 'in
1477 4523 1800 4581 Mamurius.

284 4586 412 4642 tab.
457 4603 579 4658 ¹5²·
610 4653 619 4660 ·
847 4591 897 4657 e)
935 4591 1101 4646 Tou.
1138 4590 1213 4645 11.
1253 4589 1368 4649 tab.
1402 4608 1491 4661 23.

1899 4191 2226 4276 religione
2268 4189 2695 4264 observatu8‚
2747 4207 2829 4250 ac
2870 4195 3231 4269 propterea
3263 4190 3410 4269 Jure

1900 4287 2187 4379 Augusto
2221 4285 2494 4349 nomine
2524 4285 2907 4348 decoratus.
3339 4299 3352 4322 κ

2072 4526 2121 4592 e)
2159 4527 2217 4576 in
2255 4523 2468 4586 Numa.
2736 4520 2798 4592 d)
2840 4519 3056 4576 Gemm.
3095 4530 3210 4575 ant.
3245 4517 3306 4570 P.
3345 4515 3394 4576 1,

1748 4594 1794 4663 s)
1826 4595 1887 4649 in
1921 4593 2006 4651 M.
2043 4592 2291 4649 Aurelio.
