4242 5459
1235 539 2081 618 ANTONINVS,
2151 538 2481 614 PIV'S.·
3265 545 3293 560 ⁶
3399 570 3445 632 9,

309 750 439 804 aut
478 737 761 801 modum
791 784 811 810 ‚
866 750 985 800 aut
1024 741 1093 802 in
1129 738 1459 824 exigendo
1493 738 1845 804 saevitiam
1878 795 1889 806 .
1935 750 2190 804 ratores
2221 757 2262 801 a
2299 733 2661 802 civitatibus
2700 739 2994 804 coronari
3034 738 3147 821 (se.
3185 739 3458 823 donari)

306 847 674 899 notavere.
720 834 978 896 Narrat
1022 835 1205 913 Dio,
1258 832 1322 916 ⁸)
1390 837 1848 899 Octavianum
1917 838 2141 924 solent.
2211 831 2387 896 Istud
2432 852 2596 898 vero
2628 851 2927 898 coronae
2971 835 3462 917 tributumJam

313 934 389 995 in
444 931 562 992 suo
597 928 947 991 consulatu
994 933 1075 992 V.
1124 931 1213 993 ab
1262 930 1539 994 urbibus
1609 932 1851 995 Italiae

314 1039 565 1091 aurum
602 1026 1040 1087 coronarium
1090 1047 1225 1090 non
1275 1027 1643 1111 accepisse..
1711 1028 1853 1090 La-

316 1124 461 1185 tius
493 1113 667 1183 istud
703 1123 845 1201 ejus
872 1123 1030 1183 anni
1064 1121 1463 1184 beneficium
1502 1124 1857 1208 praedicat

319 1214 657 1302 Augustus
696 1216 931 1299 ipsein
959 1237 1299 1281 marmore
1333 1221 1748 1300 AncyranO.
1789 1208 1871 1299 b)

314 1313 569 1378 AVRI.
609 1311 1106 1378 CORONARI.
1131 1313 1473 1376 PONDO.
1504 1314 1854 1377 TRIGIN-

316 1412 477 1472 TA.
524 1409 674 1471 ET.
710 1406 1152 1488 QVINQVE.
1197 1407 1547 1472 MILL1A„
1588 1410 1857 1472 MVNI-

322 1504 617 1568 CIPIIS.
693 1503 837 1566 ET.
911 1502 1359 1567 COLONIIS.
1444 1504 1858 1580 ITALIAE.

321 1599 1127 1665 CONFERENTIBVS.
1150 1600 1856 1666 Al).TR1VMPHOS.

321 1694 1091 1775 limos-QVINTVM.
1126 1691 1503 1758 CONSVL.
1528 1696 1867 1764 REM18L

323 1793 482 1857 ET.
557 1790 945 1856 POSTEA.
996 1789 1859 1874 QVOTIENSCVNQVE.

324 1886 909 1953 IMPERATOR.
990 1884 1605 1951 APPELLATVS.
1700 1892 1857 1952 AV-

1939 933 2103 995 olim
2139 930 2321 1014 apud
2346 926 2650 991 Graecos
2683 930 2930 992 remitti
2954 928 3144 993 fuiss'e
3165 931 3460 1012 solitum,

1941 1029 2147 1090 docet
2182 1023 2472 1088 eximius
2498 1024 2687 1088 locus
2715 1026 2784 1088 in
2813 1026 3349 1095 Macchabaeor.
3381 1028 3461 1096 L.

1942 1123 1994 1185 1.
2033 1141 2094 1185 c.
2140 1143 2242 1204 ¹3·
2275 1140 2343 1186 v.
2374 1133 2510 1205 37,
2565 1120 2682 1183 ubi
2729 1122 3053 1184 recitatur
3092 1120 3376 1208 epistola
3418 1144 3465 1189 a

1941 1218 2297 1281 Demetrio
2366 1216 2608 1300 Syriae
2683 1236 2838 1300 rege
2903 1219 2993 1280 ad
3078 1205 3468 1284 Simeonem

1942 1312 2724 1402 summumsacerdotem
2755 1312 3046 1397 scripta,
3096 1317 3281 1395 cujus
3303 1335 3465 1380 ver..

1942 1411 2035 1474 ba
2078 1410 2210 1473 huc
2256 1409 2661 1493 pertinentia
2701 1407 2890 1472 sunt:
2941 1429 3243 1484 coronam,
3281 1432 3466 1480 aure-

1940 1527 2046 1572 am
2067 1546 2101 1561 -
2126 1546 2157 1559 -
2185 1545 2205 1555 -
2231 1525 2420 1589 quam
2447 1504 2698 1590 misfiis,
2728 1502 3154 1589 suscepimus,.
3183 1518 3251 1567 et
3277 1508 3469 1591 paul·

1944 1601 2014 1663 lo
2062 1599 2243 1683 post:
2293 1603 2666 1664 remittimus
2726 1619 2961 1684 quoque
3016 1605 3471 1687 ignorantias,

1946 1707 2004 1760 et
2050 1705 2301 1779 peccata
2351 1695 2529 1781 usque
2584 1697 2652 1758 in
2712 1693 3074 1760 hodiernum
3135 1693 3291 1760 diem
3318 1744 3339 1773 ‚
3409 1708 3470 1762 et

1949 1791 2408 1858 CORONAM
2427 1837 2445 1867 ‚
2533 1789 2832 1877 QVAM.
2873 1785 3470 1871 DEBEBATIS,

1947 1900 2005 1954 et
2039 1892 2096 1979 fi
2134 1888 2291 1975 quid
2329 1885 2506 1953 aliud
2545 1897 2685 1952 erat
2725 1885 3134 1954 tributarium
3190 1893 3257 1954 in
3289 1890 3471 1956 Ieru-

323 1985 561 2048 RVM.
596 1980 1235 2059 CORONARIYM.
1276 1982 1489 2049 NON.
1518 1983 1861 2063 ACCEPL
1929 1987 2126 2074 salem
2148 2033 2171 2064 ,
2197 1988 2346 2070 jam
2382 2003 2507 2048 non
2524 1979 2626 2071 fik
2651 1981 3109 2050 tributarium..

330 2099 479 2164 quo
524 2077 877 2141 luculento
931 2075 1308 2140 testimonio
1363 2078 1673 2143 discimus
1722 2092 1865 2148 tam
1910 2157 1921 2164 ,

328 2174 875 2258 magnitudinem
934 2175 1267 2250 muneris,
1335 2187 1401 2237 et
1461 2196 1542 2238 eo
1593 2178 1866 2261 populis

334 2268 621 2334 remisso
646 2267 914 2353 Augusti
948 2268 1291 2345 beneficii,
1348 2291 1550 2354 quam
1587 2277 1727 2352 ejus
1752 2272 1901 2334 ob-·

331 2367 465 2430 lati
506 2364 824 2443 causam,
879 2380 944 2428 et
971 2365 1229 2426 tituloS.
1323 2367 1594 2449 Augusti
1638 2368 1868 2430 mode-

334 2463 682 2525 rationem
720 2461 969 2523 imitati
1012 2461 1156 2521 sunt
1178 2460 1590 2545 sequentium
1629 2463 1869 2547 princi-

338 2577 509 2644 pum
568 2552 739 2619 alii.'
810 2558 1277 2633 Hadrianum,
1335 2570 1403 2621 et
1454 2560 1867 2622 Antoninum

337 2673 511 2716 mox
563 2650 745 2714 infra
801 2651 1372 2719 collaudabimus,
1478 2656 1871 2718 Alexander

220 2765 229 2770 ·
347 2749 637 2813 Severus
671 2746 832 2810 teste
874 2748 1272 2832 Lampridio
1307 2771 1867 2815 aurumeorona·

336 2846 520 2908 tium
557 2845 822 2907 Romae
860 2844 1150 2923 remisit,
1206 2860 1409 2929 atque
1438 2848 1615 2909 idem
1646 2850 1729 2910 de
1758 2849 1869 2911 Iu-

340 2942 532 3004 liano
569 2942 926 3025 praedicat
967 2943 1392 3016 Ammianus
1460 2939 1519 3023 c)
1609 2943 1869 3009 Contra

339 3036 543 3100 lubet
583 3037 821 3099 audire
884 3035 1287 3101 Caracallae
1351 3039 1710 3115 duritiem,
1780 3043 1866 3104 de

348 3151 490 3216 quo
528 3113 703 3195 haee
731 3134 902 3196 Dio.
953 3125 1018 3214 ³)
1074 3154 1267 3220 χωρις
1308 3154 1421 3216 γαρ
1461 3154 1580 3199 των
1634 3139 1863 3215 στεφα-

346 3249 466 3293 rm»
500 3248 621 3291 των
660 3249 948 3311 χρυσων,
995 3223 1061 3308 ἐς
1108 3222 1194 3306 ὡς
1231 3252 1334 3295 και
1385 3234 1674 3312 πολεμιες
1707 3252 1865 3310 τινας

344 3345 444 3389 aet
490 3343 667 3388 nxwv
705 3327 980 3402 πολακις
1047 3346 1236 3417 pree„
1268 3330 1437 3401 λεγω
1495 3326 1557 3389 δε
1596 3319 1668 3390 ἐκ
1714 3320 1866 3391 ἀυτο

342 3441 492 3486 ‘tero
535 3440 607 3483 το
646 3439 764 3483 των
815 3424 1131 3500 στεφανων
1183 3441 1412 3503 ποιημα
1440 3468 1460 3498 ,
1517 3442 1698 3487 ποσσν
1753 3443 1868 3509 γαρ

342 3537 495 3581 ‘tero
540 3534 610 3592 γε
662 3515 850 3596 tortu
902 3510 1046 3581 ἀλα
1088 3539 1155 3581 το
1204 3537 1324 3582 των
1349 3537 1685 3599 mongon-ww
1714 3521 1867 3600 πλη-

346 3613 473 3689 θος
522 3632 645 3675 των
708 3605 783 3674 ἐπ’
850 3606 1098 3695 oronam
1150 3607 1300 3677 ἀυτε
1345 3612 1707 3694 διδομενων,
1779 3607 1868 3691 ὄις

344 3708 651 3785 cremantur
686 3699 750 3770 ἁι
782 3713 985 3786 πολεις
1027 3730 1129 3786 τες
1166 3703 1616 3793 ἀυτοκρατορας
1647 3709 1869 3771 1?thoe-

346 3823 458 3868 σιν.
533 3803 814 3871 Coronas
857 3824 1084 3870 aureas
1137 3810 1423 3869 continuo
1452 3830 1483 3879 ‚·
1521 3803 1686 3867 velut
1726 3823 1868 3886 per·

338 3909 574 3985 petum
632 3899 887 3986 hostium
937 3903 1140 3966 victor
1188 3900 1483 3986 exigebat
1499 3921 1526 3977 ;
1594 3898 1871 3983 intelligo

346 4008 559 4086 autern
596 4017 723 4061 non
759 3998 925 4084 ipsas
967 4017 1048 4061 ex
1100 4019 1260 4062 auro
1310 3997 1549 4080 factas·
1581 4015 1869 4073 coronas,

346 4093 724 4180 quantulum
774 4099 935 4159 enim
982 4092 1052 4156 id
1101 4093 1390 4178 quidem?
1433 4091 1547 4178 se‘d
1583 4093 1911 4176 pecuniae.

346 4193 477 4254 uim
516 4209 898 4254 coronarum
930 4192 1170 4253 nomine
1199 4190 1413 4254 datam
1435 4234 1454 4263 ,
1521 4209 1646 4273 qua
1689 4190 1869 4273 impe-

420 4397 935 4468 a)L...1L1§2.

346 4464 1001 4538 e)Orat.1V..p54.·

448 4581 642 4660 (Vol.
698 4583 933 4669 VII..)

1166 4398 1229 4468 b>
1267 4398 1413 4454 Ταῦ.
1450 4398 1554 4452 IV.
1592 4415 1648 4458 V,
1688 4399 1770 4451 26.

2045 2080 2220 2146 Istud
2264 2080 2594 2166 pecuniae
2636 2077 2914 2144 honesto
2973 2084 3245 2150 nomine
3300 2084 3470 2147 infe.-

1948 2179 2202 2242 rendae
2261 2174 2622 2239 artificium
2673 2177 2744 2235 in
2803 2169 3218 2242 inclinantis·
3265 2180 3471 2261 usque

1950 2273 2222 2355 imperii
2274 2282 2571 2332 aetatem
2610 2270 2907 2349 durasse,
2975 2294 3062 2335 ex
3096 2276 3321 2336 citatis
3371 2286 3472 2337 te..

1953 2366 2275 2429 stimoniis
2307 2363 2794 2447 perspeximus.
2846 2366 3098 2430 Narrat
3115 2380 3474 2450 praeterea

1951 2459 2385 2533 Themistius,
2409 2455 2468 2539 e)
2522 2456 2909 2521 Constantio
2946 2459 3035 2524 11.
3072 2462 3336 2523 Romae
3358 2463 3469 2524 de.

1941 2559 2217 2643 -genti-a
2253 2555 2463 2621 variis
2503 2552 2808 2632 urbibus,
2847 2568 3051 2641 atque
3098 2557 3243 2643 ipsa
3261 2558 3470 2621 etiam

1914 2713 1918 2718 .
1958 2650 2542 2737 Constantinopoli
2573 2649 2794 2714 missas
2813 2649 3003 2718 fuiss'e
3034 2674 3325 2717 coronas
3346 2675 3469 2718 au·

1952 2751 2009 2813 ri
2039 2750 2305 2832 obryzi,
2344 2761 2410 2810 et
2433 2748 2800 2810 multorum
2843 2749 3274 2815 talentorum.
3303 2749 3474 2813 Gra·

1951 2847 2121 2909 tiani
2161 2847 2246 2907 de
2290 2845 2424 2908 hoc
2472 2843 3220 2910 auro.eonstitutionem
3276 2847 3475 2931 supra

1952 2943 2283 3005 dedimus,
2307 2941 2580 3004 Seriora
2600 2941 3311 3027 exemplainvefligent
3333 2944 3477 3010 alii.

2050 3038 2620 3116 Videndumjam,
2674 3057 2808 3121 qua
2839 3040 3101 3101 ratione
3135 3060 3242 3118 ea,
3295 3059 3473 3123 quae

1950 3135 2034 3197 de
2081 3133 2216 3194 hoc
2253 3133 2762 3216 provinciarum
2822 3135 2928 3197 seu
2976 3156 3252 3198 munere
3285 3181 3307 3213 ,
3361 3135 3502 3196 seu*

1950 3228 2206 3292 tributo
2249 3231 2814 3312 commemoravi,
2863 3231 3203 3314 applicari
3243 3232 3330 3293 ad
3358 3248 3478 3293 nu·

1953 3346 2102 3388 mos
2142 3324 2521 3408 praesentes
2558 3326 2838 3410 possint.
2903 3326 3158 3388 Narrat
3202 3327 3285 3388 de
3336 3330 3473 3388 An·

1952 3421 2190 3484 tonino
2237 3418 2456 3483 nostro
2504 3419 2975 3516 Capitolinus·
3029 3442 3256 3485 aarum
3295 3439 3477 3483 coro„-

1950 3520 2243 3593 narium‚
2311 3514 2477 3600 quod
2528 3517 2886 3597 adoptionis
2927 3515 3084 3610 supe
3125 3515 3340 3602 causa
3363 3512 3473 3578 ob·

1955 3613 2155 3676 latum
2170 3612 2438 3693 fuerat,
2491 3609 2734 3674 Italicis
2767 3618 3004 3690 totum,
3052 3609 3314 3673 medium
3322 3630 3476 3693 pro
3501 3679 3506 3686 ,

1951 3704 2320 3774 vincialibus
2363 3703 2680 3784 reddidit,
2735 3704 3006 3767 secutus
3059 3726 3302 3789 nempe
3363 3726 3474 3768 ex
3543 3720 3555 3730 ‘

1956 3801 2257 3886 emplum
2292 3803 2508 3885 patris
2529 3753 2887 3885 Hadriani,
2942 3803 3056 3884 qui
3087 3799 3242 3865 teste
3274 3800 3315 3865 S
3324 3822 3476 3889 par-

1957 3900 2147 3961 tiano
2187 3917 2415 3963 aarum
2437 3902 2833 3964 coronarium
2867 3897 3108 3982 Italiae⁸
3130 3900 3372 3986 remisit,
3412 3900 3481 3960 in

1950 3995 2295 4078 provinciis
2332 3997 2589 4072 minuit,
2641 4005 2704 4060 et
2737 3994 2978 4080 quidem
3019 3993 3481 4084 difficultatibus

1958 4093 2199 4155 aerarii
2256 4091 2568 4177 ambitiose
2624 4111 2696 4156 ac
2772 4091 3126 4174 diligenter.
3166 4092 3478 4178 expositis.

1958 4186 2111 4249 Hoc
2145 4184 2520 4273 Capitolini
2561 4186 2841 4252 oraculo
2867 4188 3056 4249 .certi
3107 4187 3486 4269 reddimur,-

2002 4401 2049 4462 ι)
2085 4396 2152 4452 1..
2188 4396 2377 4453 xxv.
2416 4413 2464 4459 ι.
2501 4409 2553 4462 4
2693 4429 2700 4436 -
2783 4367 2850 4465 «ij
2882 4396 2952 4458 L.
2986 4393 3471 4463 Lxxv11.§.9.

3030 4581 3087 4641 B
