4242 5459
1463 570 2254 652 HERENNIVS.

3290 589 3431 663 349

298 763 851 851 CONCORD'IA.
882 778 1158 851 AVGG.
1206 778 1390 848 Duae
1420 756 1814 866 manus-jun·
1871 777 2077 868 figm‘s
2111 726 2536 845 militaribus(
2566 771 2644 834 In
2699 768 2893 836 aliis.-
2945 741 3176 856 Apollo·
3194 723 3412 856 fidens
3491 830 3498 835 .
3591 882 3612 915 x

295 891 435 948 ctae.
490 881 636 946 AR.
691 881 894 967 (Mur.
941 872 1171 970 Caes.)

1887 877 1949 939 d.
1981 891 2226 937 ramum
2248 918 2266 947 ,
2301 871 2366 956 s.
2399 870 2570 954 lyrae
2605 872 2886 933 innixus.
2935 868 3013 930 In
3049 869 3234 932 omni
3268 889 3405 932 me-

382 975 514 1040 Etfi
568 974 816 1041 Caesar
865 990 1126 1042 tantum
1170 976 1363 1054 esset,
1435 989 1665 1040 tamen
1724 994 1812 1037 ex
1888 971 2058 1034 talio
2098 979 2166 1030 et
2202 964 2455 1033 forma.

292 1069 620 1159 Augusteo
660 1075 875 1158 patris
910 1075 1107 1140 titulo
1161 1073 1492 1137 honorem
1524 1072 1806 1159 partici-

292 1181 429 1256 pat.

582 1266 676 1333 Vt
718 1265 812 1331 tit.
854 1268 948 1335 A.

289 1360 516 1426 PACI.
568 1362 636 1426 S.
701 1363 779 1428 C.
851 1359 1158 1450 Templum
1184 1361 1307 1451 sex
1369 1362 1805 1429 columnarum.

287 1458 505 1522 AE.1.
562 1458 855 1542 (Band.)
960 1528 977 1535 ,

378 1553 570 1616 Haec
624 1556 861 1620 aversa
910 1558 978 1619 in
1029 1553 1247 1618 numis
1307 1556 1802 1643 imperatorum

286 1650 578 1711 nondum
619 1652 999 1736 conspecta.

569 1747 653 1828 Q.
694 1748 837 1811 ΗΕ.
895 1747 1273 1812 ETRVSC.
1335 1746 1491 1811 ΜΕ.
1552 1746 1794 1812 DECI-

561 1842 971 1907 VS.NO.‘C.
1025 1841 1159 1931 (fic)
1214 1845 1415 1927 Caput
1448 1844 1791 1909 radiatum.

285 1940 354 2003 P.
397 1941 493 2003 M.
546 1941 696 2003 TR.
731 1940 807 2002 P.
847 1940 931 2003 11.
970 1936 1225 2005 CONS.
1277 1942 1361 2006 ΙΙ.
1434 1942 1795 2025 Imperator

281 2045 532 2127 togatus
550 2038 736 2122 stans
777 2034 864 2100 ad
895 2055 1078 2098 aram
1113 2037 1174 2099 d.
1224 2048 1554 2121 pateram,
1588 2037 1649 2124 s.
1703 2048 1796 2100 to·

274 2153 423 2219 gam
451 2132 700 2216 colligit.
755 2133 897 2194 AR.
953 2132 1241 2212 (Band.)

371 2229 623 2291 Omnes
668 2228 736 2289 hi
787 2227 966 2290 tituli
1027 2226 1438 2289 Herennium
1496 2224 1790 2288 diffiten-

279 2335 415 2402 tur,
467 2322 902 2409 pontificatus
950 2343 1130 2389 max.
1181 2324 1442 2386 delatus
1498 2318 1793 2400 Caesari,

278 2432 478 2504 atque
507 2421 711 2482 etiam
750 2418 1157 2495 tribunatus,
1210 2431 1276 2482 et
1311 2419 1584 2502 quidem
1620 2419 1793 2481 inter

274 2515 442 2579 haec
481 2519 621 2599 jam
663 2516 871 2578 initus
907 2514 1115 2592 alter,
1168 2515 1394 2578 consul
1439 2516 1529 2579 11.
1563 2562 1583 2591 ‚
1636 2534 1789 2577 cum

278 2613 477 2675 semel
517 2624 778 2676 tantum
812 2632 962 2675 eum
1007 2612 1390 2697 processisse
1452 2609 1788 2675 consulem

276 2706 522 2773 constet
536 2757 565 2788 ,
634 2722 701 2774 et
750 2713 891 2791 jam
939 2712 1010 2773 in
1068 2709 1415 2772 consulatu
1476 2709 1529 2775 I.
1585 2705 1792 2772 fuerit

272 2802 617 2893 Augustus,
668 2806 1145 2890 Quaremirari
1178 2805 1371 2884 subit,
1427 2826 1562 2889 qua
1582 2805 1788 2869 ratio-

269 2921 354 2964 ne
391 2903 686 2988 probare
729 2924 814 2966 ex
852 2902 984 2965 hoc
1032 2922 1236 2965 numo
1271 2902 1476 2988 possit
1516 2900 1795 2964 Bandu'·

266 2999 431 3076 riuS,
485 3000 833 3063 Etruscum
870 3012 1002 3061 una
1027 3018 1175 3062 cum
1206 3008 1402 3080 'patre
1440 2997 1786 3060 biennium

266 3094 641 3179 imperasse.
673 3093 738 3177 ⁸)
794 3090 1079 3160 Videtur
1104 3094 1307 3156 serius
1334 3095 1426 3157 ad
1456 3093 1631 3155 hanc
1653 3090 1782 3155 dif-

174 3208 185 3216 ’
263 3189 637 3253 ficultatem
673 3190 809 3275 ipse
847 3190 1246 3277 advertisse,
1300 3209 1459 3252 nam
1498 3190 1635 3270 ejus
1665 3207 1785 3252 nu·

255 3287 361 3348 mi
409 3286 663 3348 rursum
705 3288 1008 3349 meminit
1043 3287 1111 3348 in
1151 3284 1583 3369 praefatione
1609 3332 1628 3362 ‚
1680 3297 1783 3349 at·

202 3388 209 3395 '
255 3401 402 3466 que
458 3392 596 3444 tum
634 3383 936 3444 aversam
967 3383 1148 3469 patri
1193 3380 1409 3444 Decio
1449 3379 1778 3466 applicat.

259 3478 737 3565 opportunius
788 3476 992 3554 istud,
1065 3490 1136 3541 at
1186 3479 1394 3541 nolim
1435 3497 1520 3538 ex
1552 3492 1784 3569 'numo

250 3574 496 3658 palam
539 3573 783 3639 vitioso
818 3574 1122 3636 adserere
1146 3622 1165 3650 ‚
1221 3566 1302 3636 eo
1336 3571 1782 3636 consularium

250 3666 586 3732 fastorum
622 3668 826 3732 fidem
893 3666 1301 3734 confirmari.
1383 3668 1697 3732 Ceterum
1737 3667 1778 3731 Ii

234 3783 501 3827 ›numus
548 3764 808 3850 probae
877 3765 965 3827 est
1035 3763 1191 3828 fidei
1219 3814 1236 3843 ,
1308 3764 1587 3828 dubium
1645 3785 1783 3829 non

247 3857 389 3935 est,
472 3861 793 3945 aversam·
840 3862 1051 3946 patris
1109 3860 1565 3947 adplicatam‘
1596 3859 1781 3941 filio,

244 3958 450 4036 cujus
494 3959 809 4040 exempla
846 3956 1142 4020 vidimus
1187 3962 1252 4019 in
1308 3957 1629 4042 Philippo
1701 3956 1777 4025 fi·

230 4050 352 4113 iio
371 4099 395 4135 ‚
447 4065 514 4116 et
543 4055 928 4119 videbimus
963 4055 1031 4115 in
1064 4052 1450 4120 Volustano.

1010 4150 1039 4182 ff

541 4247 780 4312 Amica
819 4200 1030 4312 uaria.

216 4338 659 4408 PRINCIPI.
696 4340 1276 4415 tvaNTvTIS.
1334 4346 1554 4432 Caefizr
1589 4344 1777 4431 palu-

214 4436 440 4503 datus
465 4441 641 4532 stans
677 4459 817 4505 cum
843 4438 1052 4504 baciHo
1089 4451 1147 4504 et
1168 4440 1361 4525 hasta,
1413 4446 1509 4507 vel
1538 4444 1779 4510 duobus

2233 1161 2317 1227 V.
2359 1160 2425 1225 C.
2472 1180 2657 1241 1004.
2713 1158 2789 1221 P.
2841 1155 2928 1220 X.
2974 1175 3112 1240 251.

1937 1257 2322 1326 CAESAR.
2363 1255 2544 1322 COS.
2591 1252 2895 1320 PRINC.
2935 1252 3336 1320 IVVENT.

1983 1450 2229 1519 Consul
2259 1462 2448 1536 patre
2471 1449 2755 1531 conlega
2791 1445 3057 1509 consule
3094 1444 3214 1506 111.
3246 1463 3402 1528 pro·

1883 1552 2086 1617 cedit.
2177 1550 2369 1611 Vnde
2421 1543 2846 1606 Trebellius:
2915 1541 3158 1606 duobus
3199 1541 3406 1606 Deciis

1879 1651 1991 1735 cosi
2044 1642 2259 1711 Fuisse
2281 1642 2691 1706 Herennium
2731 1639 2888 1701 anni
2915 1639 3250 1722 principio
3284 1636 3401 1699 ad·

1874 1745 2009 1808 huc
2054 1741 2414 1806 Caesarem
2437 1786 2457 1818 ,
2509 1738 2760 1823 probat
2791 1753 3092 1799 marmor
3116 1731 3402 1797 Fabret-
3438 1824 3448 1833 Φ

1876 1842 1978 1905 ti:
2017 1828 2084 1923 b)

1881 2036 1964 2114 Q.
1990 2022 2942 2095 HERENN10.ETRVSCO.
2981 2022 3308 2086 MEssto

1879 2128 2185 2192 DEcto.
2247 2118 3145 2184 NOBILISS·1MO.CAES.
3188 2119 3404 2183 PRm

2027 2221 2222 2286 CIPl.
2260 2214 2847 2282 IVVENTVTIS.
2881 2213 3071 2280 COS.
3126 2225 3254 2276 etc.

1973 2406 2179 2477 Numi
2215 2412 2416 2498 supra
2462 2406 2771 2494 descripti
2811 2402 2944 2470 h'uc
2990 2403 3215 2468 adhuc
3249 2422 3397 2491 per-

1877 2513 2111 2576 tinent.

2387 2643 2620 2713 Eodem
2669 2661 2879 2708 anno.-

2088 2740 2618 2814 AVGVSTVS
2669 2740 2803 2807 TR.
2854 2739 2938 2807 P.
2997 2734 3181 2805 COS.

1967 2939 2298 3027 Augustus
2345 2962 2388 3005 a
2436 2947 2631 3023 patre
2690 2934 2959 3008 dicitur.
3045 2929 3394 2994 Audacius

1871 3058 2024 3103 cum
2062 3037 2247 3103 hoste
2284 3033 2661 3121 congressus
2703 3051 2842 3095 una
2895 3049 3048 3094 cum
3084 3040 3280 3114 patre
3328 3026 3396 3089 in

1872 3135 2021 3200 acie
2064 3134 2434 3200 occumbit.

2068 3395 2080 3405 ,
2158 3327 2343 3392 IMP.
2390 3323 2465 3388 C.
2521 3321 2607 3403 Q.
2662 3320 2869 3384 ΗΕΒ.
2928 3316 3135 3380 ETR.
3185 3312 3393 3378 MES.

2158 3417 2465 3482 DECIO.
2516 3414 2725 3482 AVG.
2782 3415 2983 3497 Caput
3018 3411 3388 3473 laureatum.

1864 3513 2573 3580 PRINC..IVVENT.
2652 3509 2871 3591 Apollo
2913 3501 3269 3589 seminudus
3328 3498 3394 3563 d.

1863 3634 2149 3691 ramum,
2187 3612 2456 3699 sisyn-ae
2512 3606 2794 3670 innixus.
2847 3600 2997 3665 AV.
3072 3595 3395 3683 (Pellerin

1867 3702 2033 3776 Mel.
2082 3710 2136 3775 1.
2175 3729 2240 3793 p.
2299 3700 2512 3783 166.).

1960 3807 2061 3868 En
2127 3804 2250 3867 tibi
2297 3803 2541 3864 iterum
2592 3815 2729 3859 una
2796 3787 3191 3878 Augustum,
3261 3808 3398 3851 una

1862 3904 2239 3991 principem
2281 3896 2672 3981 juventutiS.

2155 4054 2388 4122 Eadem
2412 4047 2765 4136 epigraphe.
2822 4044 3023 4129 Caput
3040 4044 3388 4108 radiatum.
3419 4109 3428 4113 ,

1860 4151 2384 4219 SECVRITAS.
2436 4143 2715 4211 AVGG.
2761 4177 2856 4189 -—-
2917 4136 3404 4205 VlcTORIA.

1862 4246 2405 4315 GERMANICA
2446 4277 2538 4293 -
2597 4238 2892 4307 VOTIS.
2928 4232 3392 4300 DECENNA·
3489 4264 3494 4269 ,

1861 4347 2146 4412 LIBVS.
2202 4347 2367 4432 typis
2395 4340 2624 4432 solitis.
2677 4335 2919 4425 ((Mus.
2974 4333 3164 4397 Caes.
3217 4333 3392 4393 Ban-

1861 4442 2051 4527 dur.)

327 4651 401 4716 a)
440 4649 574 4720 P-ag.
609 4666 701 4721 39.
872 4653 932 4725 b)
969 4655 1099 4728 Pag.
1140 4659 1261 4724 683.
