4242 5459
1800 459 2599 536 ANTONINVS
2705 460 3021 536 PIVS.

1129 662 1428 730 mvvs
1504 660 2056 726 ANTONINVS.
2162 660 2363 746 Caput
2442 660 2525 722 v,
2564 660 2638 723 c.
2683 664 2846 740 367.
2885 660 3311 747 inscriptum:
3369 643 3961 737 SENA‘fVS.P0-

1128 768 1401 836 nudum,
1453 780 1609 824 raro
1646 756 2012 830 laureatum

839 856 1504 929 CONSECRATIO.
1557 856 1823 939 Rogas,
1872 853 1971 917 vel
2008 853 2219 940 aquila
2244 873 2353 917 va·

834 967 936 1028 rio
969 963 1141 1049 fita,
1191 956 1285 1020 vel
1327 976 1469 1019 ara.
1529 956 1672 1017 AV.
1702 952 1846 1015 AR.
1897 951 2034 1014 AE.
2075 952 2127 1016 1.
2155 950 2351 1028 (Mus.

840 1055 1066 1137 Caes.)

1126 1247 1422 1314 DIVVS.

1125 1347 1378 1412 nudum.

829 1447 1087 1511 DIVO.
1124 1446 1295 1509 PIO.
1353 1440 1646 1508 Columna
1688 1436 1955 1505 cancellis
1988 1437 2205 1522 septa,
2257 1433 2354 1497 cui

829 1545 1037 1633 infistit
1073 1544 1294 1631 statua
1337 1537 1760 1623 imperatoris,
1790 1534 1848 1622 s
1901 1534 2153 1623 hastam.
2204 1532 2349 1603 AR.

731 1694 735 1702 ,
834 1642 976 1705 ΛΕ.
1015 1640 1070 1707 Ι.
1114 1640 1199 1702 Il.
1236 1636 1443 1721 (Mus.
1487 1629 1731 1713 Caes.)

930 1734 1041 1798 Est
1064 1735 1235 1798 haec
1268 1730 1528 1815 insignis
1554 1728 1671 1792 illa
1692 1727 2013 1790 columna
2052 1746 2141 1788 ex
2160 1742 2346 1786 mar-

825 1851 1028 1904 more
1071 1829 1287 1892 solido
1322 1826 1548 1890 rubeis
1587 1824 1852 1911 punctis
1886 1823 2083 1885 vario
2110 1820 2356 1894 hodie·-

828 1930 998 1992 dum
1033 1922 1400 2012 superfice,
1453 1922 1565 1985 sed
1622 1918 1982 1984 infeliciter
2028 1936 2349 2002 procum-

826 2026 1041 2102 bens,
1115 2020 1477 2103 viliturque
1539 2036 1712 2082 nunc
1771 2016 1845 2082 in,
1883 2027 2076 2101 parte
2109 2012 2349 2082 aversa

833 2117 1238 2206 magnificae
1279 2119 1507 2180 curiae
1540 2136 1585 2179 a
1627 2124 1858 2178 monte
1893 2111 2181 2196 Cytorio
2224 2130 2346 2195 ap-

822 2217 1174 2306 pellatae,
1240 2216 1425 2296 cujus
1479 2210 1769 2277 altitudo
1824 2211 2034 2294 pedes
2095 2210 2348 2271 Roma-

826 2336 955 2379 nos
1012 2313 1094 2378 L.
1134 2313 1414 2376 omnino
1469 2319 1741 2394 aequat.
1845 2309 2081 2390 Neque
2130 2308 2348 2370 minus

823 2409 1300 2476 memorabilis
1338 2405 1679 2491 stylobata
1730 2426 1817 2468 ex
1854 2425 2195 2468 marmore
2221 2406 2346 2467 Pa·

828 2512 973 2586 rio,
1028 2526 1247 2590 eoque
1275 2503 1529 2577 solido,
1582 2506 1770 2586 cujus
1818 2502 2043 2564 latera
2095 2500 2351 2583 lingula

826 2605 973 2669 lata
1020 2602 1184 2666 sunt
1232 2601 1441 2686 pedes
1504 2598 1693 2675 xll„
1763 2597 1905 2658 alta
1957 2596 2111 2668 XI..
2165 2609 2232 2656 et
2280 2598 2351 2658 in

823 2720 1117 2785 quorum
1140 2717 1274 2760 uno
1313 2694 1397 2758 eli
1424 2696 1877 2779 epigramma:
1931 2692 2351 2755 D1v0.AN-

828 2793 1219 2860 ΤΟΝῙΝΟ.
1280 2789 1494 2856 AVG.
1549 2789 1725 2851 1³10.
1782 2787 2346 2852 AN‘toNINVS.

830 2887 1328 2957 AVGVSTVS.
1351 2888 1496 2950 ET.
1514 2883 1824 2949 VERVS.
1846 2881 2274 2946 AVGVSTV
2281 2884 2345 2945 S.

826 2985 1234 3063 F1L11„in
1283 2983 1501 3046 altero
1542 2981 1791 3065 insigne
1843 2999 2015 3065 opus
2067 2979 2346 3064 anagly-

826 3085 1039 3172 phum
1086 3031 1423 3144 :exhibens
1488 3078 1901 3143 Antoninum
1957 3078 2152 3140 Pium
2186 3124 2205 3154 ‚
2279 3089 2347 3140 et

823 3178 1212 3245 Faustinam
1253 3197 1295 3239 a
1358 3177 1561 3261 genio
1595 3174 1784 3239 alato
1834 3174 2079 3240 sursum
2126 3174 2344 3238 elatos

820 3273 1285 3343 adsidentibus
1322 3272 1581 3338 inferne
1618 3274 1844 3335 Roma
1885 3272 2071 3335 cultu
2118 3270 2343 3348 solito,
2379 3261 2384 3266 ’

822 3373 1329 3441 etAeternitate
1364 3368 1729 3436 obeliscum
1764 3365 2009 3431 finistra
2046 3365 2344 3451 comple·

822 3494 940 3538 xa.
1046 3468 1341 3554 Reliqua
1389 3469 1527 3530 duo
1564 3466 1783 3530 latera
1824 3463 2247 3528 decursiones
2280 3484 2347 3526 e·

822 3566 1159 3652 queflres
1142 3587 1211 3630 1n
1251 3564 1434 3649 justis
1455 3562 1851 3630 funebribus
1882 3561 2214 3624 celebrari
2246 3560 2341 3624 Γο-

817 3666 978 3727 litae
1010 3664 1365 3742 obiiciunt.
1417 3661 1550 3741 Qui
1590 3659 1786 3744 plura
1815 3661 1899 3721 de
1944 3659 2170 3744 insigni
2208 3658 2342 3721 hoc

2437 757 2938 842 PvastE.
2991 760 3466 886 ΒοΜρΝνε.

2726 905 3042 1113 1)ιῖνεῖ
3107 908 3657 1022 ΑΝΤοΞιιΝνδ.
3759 957 3962 1043 Caput

2725 1069 2811 1114 nu
2856 1071 2957 1112 um

2436 1143 2501 1207 S.
2545 1144 2622 1207 C.
2685 1148 3044 1230 Imperator
3079 1143 3145 1209 d.
3178 1167 3467 1222 ramum,
3499 1147 3558 1233 s
3609 1148 3838 1234 hastam
3861 1149 3958 1236 se-

1489 1240 2048 1311 ANTONINVS.
2153 1240 2357 1324 Caput
2434 1241 2583 1304 dens
2635 1247 2700 1307 in
2740 1242 3078 1328 quadrigis
3130 1194 3610 1326 elephantorum
3671 1247 3849 1309 ΑΕ.
3903 1251 3956 1310 1.

2438 1339 2648 1422 (Mus.
2697 1339 2930 1422 Caes.)

2540 1439 2845 1499 Vidimus
2867 1457 2951 1498 ex
2994 1433 3414 1520 Capitolino,
3469 1438 3806 1502 Antonino
3839 1440 3962 1502 de·

2438 1543 2659 1595 cretos
2728 1531 2919 1595 fuiss'e
2981 1552 3025 1593 a
3095 1532 3321 1596 senatu
3367 1553 3599 1598 omnes
3655 1536 3957 1600 honores

2436 1630 2712 1710 optimis
2774 1628 3191 1720 principibus
3248 1628 3495 1711 deferri
3545 1631 3818 1708 solitos,
3889 1646 3962 1696 et

2435 1725 2731 1798 vidimus
2789 1727 2997 1788 etiam
3043 1726 3110 1786 in
3166 1727 3384 1789 numis
3444 1728 3588 1790 divi
3644 1727 3958 1813 Augusti,

2439 1819 2617 1882 bono
2654 1822 2808 1884 huic
2843 1822 3132 1905 principi
3167 1821 3306 1906 post
3346 1822 3608 1887 obitum
3644 1826 3961 1889 decretas

2434 1914 2950 2000 elephantorum
2992 1919 3381 2006 quadrigas.
3436 1918 3665 2001 Quare
3713 1935 3778 1984 et
3821 1926 3960 1984 An·
4091 1942 4103 1952 ·

2428 2014 2734 2086 toninum
2827 2014 2894 2074 in
2964 2012 3309 2098 fingularis
3387 2014 3584 2098 hujus
3665 2018 3955 2080 honoris

2434 2120 2697 2192 partem
2743 2108 2985 2178 veniss'e
3023 2109 3336 2195 praesens
3391 2114 3733 2190 numisma
3769 2134 3960 2177 com·

2428 2205 2700 2289 probat.

3187 2309 3216 2340 ⁸¹

2721 2400 2885 2465 DIV
2892 2401 2972 2465 O.
3010 2403 3186 2469 PIO.
3244 2406 3445 2490 Caput
3478 2404 3821 2470 radiatum.

2431 2491 3092 2563 CONSECRATIO.
3142 2503 3294 2568 Ara
3345 2504 3592 2583 ignita,
3660 2503 3792 2566 vel.-
3842 2504 3958 2569 A·

2428 2593 2595 2675 quita
2628 2596 2910 2683 expansis
2943 2597 3084 2660 alis.
3141 2601 3284 2663 AR.
3324 2597 3529 2677 (Mus.
3569 2595 3794 2678 Caes.)

2528 2688 2697 2752 Sunt
2738 2689 2807 2753 hi
2841 2693 3026 2756 numi
3067 2714 3152 2757 ex
3190 2706 3471 2777 argento
3523 2694 3688 2770 vili,
3742 2706 3811 2756 et
3856 2715 3960 2760 ex

2428 2803 2666 2848 eorum
2713 2807 2996 2872 genere,
3052 2810 3221 2876 quos
3251 2792 3316 2852 in
3347 2792 3745 2851 memoriam
3785 2811 3956 2854 con-

2428 2881 2834 2945 secratorum
2859 2877 3237 2970 principum
3268 2886 3478 2949 multo
3506 2885 3704 2948 serius
3738 2885 3956 2971 ligna-

2424 2990 2532 3038 tos
2572 2976 2982 3041 statuemus
2963 3001 3029 3043 m
3071 2994 3367 3048 tractatu
3413 2983 3498 3046 de
3533 2985 3753 3046 numis
3785 3003 3954 3048 con·

2418 3073 2864 3151 sectationum
2909 3076 3068 3141 Vol.
3103 3081 3278 3143 Vm.

3148 3174 3180 3204 Q

2515 3269 2779 3352 Agmen
2823 3227 3015 3352 huju}
3061 3225 3719 3357 generis*numorum
3757 3241 3972 3338 clau--

2417 3364 2584 3428 dant
2623 3367 2806 3428 numi
2850 3364 2990 3429 bini
3034 3367 3300 3453 prorsus
3337 3368 3731 3455 lingulares:

2709 3462 3636 3531 Dlva.ANToN1NVS.
3736 3467 3960 3552 Caput

2415 3656 2663 3720 DIVA.
2706 3559 3202 3720 ¹I'PutclhlclmsTINA.
3252 3659 3459 3743 Caput
3495 3662 3723 3725 uxoris
3753 3660 3949 3726 Fau-

822 3770 1265 3824 monumento
1304 3755 1485 3824 noss'e
1530 3758 1792 3839 cupiet,
1844 3757 2070 3826 adeat
2119 3756 2340 3818 erudi·
2390 3756 2617 3844 flinae.
2672 3754 2812 3818 AR.

822 3868 963 3918 tam
995 3852 1529 3915 djmertationem
1587 3852 1860 3914 loannis
1917 3852 2192 3935 Vignoli
2254 3852 2338 3913 de

819 3950 1159 4015 Columna
1195 3947 1517 4020 Antonini
1541 3946 1666 4013 Pii.
1717 3946 1848 4008 Sed
1888 3944 2222 4010 existimat
2255 3945 2337 4009 cl.

811 4050 1231 4121 Ficoronus,
1282 4046 1537 4109 dictam
1589 4043 1836 4106 montis
1897 4039 2164 4124 Cytorii
2227 4060 2336 4103 co-

815 4146 1118 4209 lumnam
1182 4141 1485 4223 Trajano
1536 4137 1726 4201 fuiss'e
1774 4158 1815 4199 a
1870 4138 2097 4200 senatu
2151 4137 2337 4200 dedi·

814 4254 1066 4306 catam.
1106 4243 1163 4316 ¹¹)
1214 4240 1429 4313 Vide,
1483 4254 1657 4322 quae
1710 4233 1903 4316 super
1958 4233 2091 4295 hoc
2143 4251 2336 4315 argu-

2512 3850 2804 3912 Numum
2846 3847 3020 3911 hunc
3062 3850 3369 3916 Khellius
3403 3872 3489 3914 ex
3543 3850 3762 3916 museo
3821 3872 3953 3918 co-

2411 3946 2596 4009 mitis
2627 3942 2872 4007 Ariosti
2892 3991 2911 4022 ,
2965 3948 3148 4030 quod
3180 3968 3356 4012 nunc
3379 3968 3531 4011 cum
3566 3969 3737 4034 gaza
3757 3948 3957 4018 Cae-
4069 3961 4082 3966 “

2410 4041 2606 4104 sarea
2675 4041 2934 4102 unitum
3003 4040 3129 4121 est,
3198 4044 3527 4129 vulgavit.
3631 4051 3721 4109 At
3763 4067 3950 4113 vero

2410 4135 2863 4199 indubitatum
2907 4135 2994 4200 est
3024 4186 3043 4216 ‚
3097 4159 3386 4204 mercem
3424 4142 3550 4204 ell'e
3607 4144 3951 4208 adulteri-

2410 4251 2592 4308 nam,
2649 4250 2864 4315 neque
2898 4232 3052 4296 satis
3074 4239 3211 4317 ejus
3254 4236 3457 4300 fidem
3483 4259 3525 4302 a
3552 4243 3700 4303 viro
3742 4261 3946 4326 egre-

811 4350 1043 4403 mento
1105 4335 1495 4398 notavimus
1560 4329 1647 4393 ad
1699 4349 1973 4392 numum
2042 4327 2332 4407 Trajani
2407 4327 2520 4413 gio
2558 4328 2624 4390 in
2662 4350 2949 4392 examen
2994 4345 3342 4397 vocatam.

812 4463 3966 4505 Μ

879 4551 940 4614 a)
973 4542 1208 4600 Piombi.
1242 4558 1371 4616 pag.
1408 4544 1464 4598 6.
