4242 5459
1486 554 2288 635 -COMMODvs.

311 766 388 828 ἐἰ
464 761 747 846 quidem
841 760 1195 823 fecundum
1268 759 1566 844 Dionem
1657 779 1835 823 anno

321 863 403 924 V.
459 858 540 923 C.
602 857 787 935 718,
840 846 907 945 ⁸)
983 856 1186 940 idque
1240 856 1324 919 de
1403 856 1463 920 se
1543 856 1681 941 ipse
1739 867 1836 917 te·

320 953 518 1017 statur
550 954 615 1014 in
661 951 999 1017 marmore
1042 957 1449 1033 Ancyrano:
1484 942 1554 1035 b)
1606 951 1838 1015 TEM-

310 1047 773 1131 PLVMQVE.
830 1047 1332 1112 APOLLINIS.
1400 1050 1516 1115 IN.
1573 1047 1833 1111 PALA-

317 1145 480 1209 TlO
516 1183 549 1198 -
592 1182 617 1196 ·
667 1142 899 1208 FECI.
950 1145 1244 1208 Palatini
1275 1144 1469 1225 hujus
1497 1143 1834 1229 Apollinis

306 1240 593 1304 'subinde
633 1238 930 1303 honores
964 1259 1241 1304 crevere
1292 1242 1476 1305 victo
1502 1240 1607 1304 ad
1654 1239 1835 1304 Acti-

315 1356 473 1411 um,
526 1349 594 1398 et
634 1341 831 1419 juxta
887 1336 1219 1419 Apollinis
1262 1337 1443 1400 Acti}
1496 1334 1833 1420 templum

317 1434 659 1509 Antonio,
711 1431 979 1495 Nasone
1026 1451 1299 1515 quoque
1332 1435 1505 1496 tanti
1544 1434 1833 1517 gratiam

312 1525 625 1591 beneficii
665 1531 807 1608 ejus
842 1528 953 1591 dei
1006 1528 1425 1613 praesentiae
1475 1540 1832 1613 acceptam

302 1621 627 1687 ferente:
690 1621 765 1705 ⁴²)

416 1813 605 1903 Visite
635 1815 960 1899 laurigero
974 1817 1240 1904 sacrata
1279 1820 1536 1883 Palatia
1562 1818 1831 1885 Phoebo.

507 1911 616 1977 Ille
646 1911 1074 1979 Paraetonias
1094 1917 1306 2004 mersit
1336 1919 1406 1981 in
1462 1918 1595 1982 alta
1638 1926 1832 1983 rates.

332 2101 515 2168 Dixit
536 2093 966 2171 Paraetonias
998 2124 1123 2190 pro
1166 2109 1543 2192 Aegyptias
1566 2154 1590 2184 ‚
1641 2108 1834 2172 aPa·

338 2203 623 2265 raetonio
664 2203 1120 2266 Marmaricae
1155 2205 1415 2287 oppjdo
1440 2251 1461 2283 ,
1512 2223 1688 2287 quae
1720 2222 1831 2266 re-

330 2296 438 2379 gio
476 2303 784 2384 Aegypto
828 2299 1067 2361 addita
1116 2296 1529 2384 Cleopatrae
1578 2308 1828 2382 paruit.

340 2396 536 2477 Atque
573 2395 745 2462 haec
786 2392 988 2457 causa
1024 2392 1137 2470 est,
1189 2415 1307 2458 cur
1334 2395 1588 2457 eodem
1620 2394 1828 2470 cultu,

332 2488 622 2554 nimirum
676 2490 968 2554 ·indutus
1016 2488 1215 2571 stola,
1285 2503 1685 2574 compareat
1742 2495 1829 2552 A·

334 2584 502 2666 pollo
543 2586 936 2662 Palatinus,
989 2607 1129 2669 quo
1167 2589 1398 2650 Actius
1430 2588 1496 2647 in
1534 2586 1827 2671 copiosis

332 2681 531 2744 numia
573 2680 849 2767 Augusti
878 2728 900 2758 ‚
952 2702 1240 2767 quorum
1277 2683 1549 2745 memini
1603 2681 1673 2744 in
1710 2682 1827 2745 hu·

310 2776 424 2855 jus
456 2791 719 2841 moneta
782 2780 870 2842 ad
938 2798 1188 2842 annum
1245 2782 1323 2840 V.
1384 2777 1458 2844 C.
1507 2798 1690 2862 733,
1763 2790 1830 2842 et

336 2874 528 2954 genti·
581 2872 939 2953 Antistiae,
1023 2894 1199 2959 quae
1264 2876 1583 2937 denarios
1634 2876 1831 2939 dedit

332 2967 692 3054 inscriptos:
721 2970 1122 3034 APOLLIN
1132 2970 1181 3034 1.
1214 2969 1520 3033 ACTIO.
1548 2970 1621 3031 ln
1648 2991 1824 3033 mar·

337 3081 516 3125 more
558 3066 904 3130 Muratorii
962 3066 1278 3151 proditur
1328 3065 1823 3132 SA‘CERDOS.
1866 3073 1871 3080 '

340 3153 677 3228 DlANAE.
739 3161 1045 3228 VICTR.
1123 3161 1268 3227 ET.
1324 3162 1824 3228 APOLLlNlS.

342 3248 720 3325 PALATini,
760 3249 826 3338 ὃ)
919 3258 1214 3322 Zosimus
1269 3278 1539 3341 quoque
1594 3260 1827 3321 menri·

336 3348 511 3412 minit
545 3355 727 3417 aedis
763 3354 1113 3418 Palatinae
1136 3354 1500 3438 Apollinis,
1553 3350 1614 3433 e)
1638 3374 1822 3418 eam·

338 3461 452 3524 que
487 3447 871 3534 imperante·
900 3450 1168 3513 Iuliano
1228 3449 1539 3533 apostata
1596 3450 1820 3513 ineen-

328 3538 439 3602 dio
470 3541 757 3610 haustam
797 3546 1339 3630 periclitantibus
1386 3545 1539 3627 ipsis
1581 3546 1819 3608 carmi·

346 3634 508 3702 nibus
526 3638 842 3706 Cumanis
866 3642 1178 3728 perhibet
1213 3642 1609 3706 Ammianus
1642 3641 1814 3705 Mar·

342 3729 601 3801 caltinus.
643 3727 693 3817 f)

3303 595 3446 659 '¹²5

1926 761 2195 824 exuviae
2211 756 2500 843 pendent.
2557 762 2699 824 AV.
2751 761 3031 844 (Vaill.)
3087 763 3438 832 AE.max.

1925 856 2108 921 mod.
2165 854 2365 941 (Mus.
2427 851 2737 937 Albani.)
2787 857 2944 943 AE„
2988 859 3041 926 1.
3105 860 3188 923 11.
3242 861 3437 945 (Mus.

1916 949 2155 1039 Caes.)

2021 1048 2125 1111 Eo
2145 1048 2435 1131 denique
2467 1046 2762 1113 insaniae
2779 1049 3087 1133 delapsus
3129 1050 3440 1117 estCom-

1921 1146 2209 1221 medua,
2261 1155 2336 1205 ut
2382 1163 2516 1206 non
2559 1146 2767 1208 modo
2823 1147 3025 1208 deum
3071 1147 3201 1211 sese
3238 1150 3439 1233 profi·

1923 1250 2175 1302 teretur
2213 1237 2479 1323 publice
2510 1288 2529 1316 ‚
2579 1261 2754 1323 quae
2785 1243 3058 1333 quidem
3097 1246 3440 1311 dementia

1918 1336 2282 1400 nonnullos
2319 1336 2527 1399 etiam
2566 1336 2983 1420 superiorum
3003 1339 3445 1426 Augustorum

1920 1435 2334 1516 occupavit,
2404 1433 2515 1495 sed
2579 1432 2848 1520 abjecta
2896 1435 3104 1499 etiam
3162 1437 3439 1519 laurea,-

1918 1525 2103 1589 sueto
2145 1528 2471 1592 hactenus
2499 1530 3021 1612 imperatorum
3054 1531 3439 1618 gestamine,

1922 1636 2132 1707 caput
2169 1623 2354 1686 suum
2393 1625 2504 1686 dei
2555 1624 2738 1688 cultu
2795 1639 3110 1691 ornatum
3175 1630 3245 1691 in
3300 1652 3442 1695 mo-

1920 1730 2082 1781 neta
2104 1718 2382 1805 publica
2404 1722 2922 1805 proponendum
2948 1737 3238 1788 curaret.
3284 1726 3442 1789 Fuit

1919 1811 2084 1878 istud
2123 1815 2447 1880 hactenus
2489 1818 2774 1881 vanitati
2829 1815 3135 1884 Graecae
3177 1824 3446 1905 permis-

1920 1910 2102 1992 sum,
2157 1933 2334 1996 quae
2370 1933 2559 1999 reges
2577 1913 2966 1979 l'uosvariis
3007 1916 3143 1980 diis
3169 1913 3444 1982 adlimi-

1918 2005 2130 2084 lavit‚
2181 2022 2392 2093 atque
2421 2009 2636 2072 etiam
2675 2007 3042 2095 Augustos„
3109 2016 3296 2093 cujus
3344 2016 3442 2079 lu·

1920 2104 2193 2170 culenta
2237 2104 2555 2188 exempla
2596 2105 2666 2167 in
2689 2106 2910 2168 numia
2927 2108 3217 2173 Neronis
3258 2130 3443 2174 com-

1919 2202 2124 2261 matis
2163 2202 2500 2285 peregrini
2543 2201 2874 2276 vidimu83
2925 2222 3160 2266 verum
3193 2205 3287 2269 ab
3309 2219 3444 2269 tur-

1916 2296 1988 2376 pi
2014 2294 2154 2356 ‘hac
2183 2294 2579 2358 adulatione
2613 2297 3019 2361 immunisin
3060 2299 3238 2362 hunc
3256 2303 3440 2364 diem

1914 2383 2047 2454 fuit
2086 2402 2361 2453 moneta
2397 2392 2889 2469 Romanorum,
2940 2405 3146 2477 atque
3179 2393 3288 2457 etsi
3326 2396 3442 2459 hu·

1913 2488 2030 2564 ius‘
2057 2498 2289 2570 partes
2325 2487 2602 2550 aversae
2625 2506 3111 2571 nonnunquam
3146 2493 3442 2576 impera·

1912 2593 2136 2646 torem
2171 2584 2286 2645 dei
2320 2581 2562 2646 habitu
2603 2580 2923 2663 vestiant,
2975 2584 3142 2650 istud
3209 2599 3442 2652 tamen

1912 2675 2176 2758 factum
2222 2679 2638 2743 reverentius
2667 2725 2687 2757 ,
2739 2690 2808 2742 et
2849 2682 3182 2746 nonnullo
3212 2681 3435 2747 adhuc

1914 2777 2213 2860 pudore3
2260 2796 2424 2838 nam
2478 2774 2943 2862 appellatione
2977 2778 3090 2842 dei
3134 2777 3433 2843 constan-

1914 2885 2017 2935 ter
2047 2871 2364 2936 abstinuit
2399 2872 2798 2959 epigraphe,
2851 2874 3153 2958 nihilque
3186 2877 3255 2939 in
3291 2876 3436 2941 cul-

1911 2981 1983 3031 tu
2011 2972 2258 3054 capitis
2292 2967 2749 3045 immutatum,
2803 2972 2989 3053 quod
3019 2969 3433 3054 maiestatem

1911 3066 2183 3150 imperii
2217 3067 2596 3130 dedeceret.
2668 3066 2859 3129 Haec
2916 3067 3188 3131 demum
3250 3067 3432 3132 clau·

1915 3159 2040 3223 stra
2072 3161 2397 3246 perfregit
2430 3159 2797 3225 Commodi
2835 3154 3285 3247 impudentia,
3327 3178 3429 3227 at-

1913 3277 2042 3338 quc
2078 3258 2236 3319 inde
2277 3256 2364 3319 ab
2402 3255 2535 3319 hoc
2573 3277 2753 3320 anno
2803 3276 3020 3342 usque
3087 3262 3176 3322 ad
3239 3261 3427 3323 vitae

1910 3353 2167 3415 exitum
2207 3370 2562 3414 numerum
2607 3356 2746 3431 ejus
2795 3366 2864 3415 et
2908 3355 3307 3439 epigraphe,
3358 3368 3427 3415 et

1906 3449 2056 3532 typi
2094 3446 2508 3532 praesentem
2570 3448 2773 3509 deum
2837 3447 3242 3530 loquuntur,
3313 3448 3423 3510 ni-

1907 3549 2152 3606 mirum
2215 3543 2793 3626 quemadmodum
2852 3554 2919 3604 et
2973 3544 3208 3604 omnia
3264 3541 3427 3620 illa..

1907 3659 2083 3721 quae
2117 3641 2443 3723 turpiter,
2498 3655 2674 3717 quae
2711 3637 3014 3721 impure,
3068 3657 3244 3720 quae
3273 3655 3420 3699 cru·

1903 3735 2186 3818 delitet,
2240 3753 2415 3818 quae
2449 3732 2890 3815 gladiatorie,
2946 3752 3120 3814 quae
3167 3733 3420 3796 lenoni·

1773 3867 1789 3883 .
1903 3852 1980 3894 ce
2015 3829 2317 3912 fecerat,
2368 3828 2540 3891 actis
2579 3827 2763 3891 urbis
2811 3828 3014 3891 incidi
3041 3829 3227 3908 jussit
3253 3877 3273 3905 ‚
3342 3842 3417 3892 ut

584 3930 822 3996 Antica
858 3889 1064 3996 uaria.

1901 3928 2000 3989 ait
2044 3926 2500 4010 Lampridius.
2544 3923 2606 4008 Β)
2693 3922 2867 3987 Cum
2920 3925 3257 4010 adrogare
3299 3924 3420 3989 fibi

318 4016 563 4090 RERC.
610 4025 897 4091 COMM.
941 4027 1094 4089 vel:
1159 4024 1809 4091 COMMODIANO.
1897 4023 2152 4108 polret,
2203 4042 2379 4108 quae
2417 4020 2661 4099 vellet,
2714 4021 3040 4083 Hercules
3094 4021 3220 4084 ell'e
3274 4041 3412 4083 ma-

312 4116 385 4180 P.
435 4118 512 4182 M.
550 4122 694 4189 ΤΚ.
738 4123 1019 4191 P.xv1.
1075 4122 1268 4188 COS.
1318 4123 1441 4187 VI.
1517 4123 1815 4187 Hercules

1899 4121 2062 4196 luit,
2157 4119 2483 4202 quoniam
2538 4136 2661 4200 per
2694 4115 3072 4179 belluarum
3126 4118 3408 4181 caedem

278 4213 628 4300 seminudus
648 4220 833 4300 stans
862 4229 1007 4284 ante
1059 4239 1241 4284 aram
1273 4219 1335 4282 d.
1386 4230 1717 4304 paen-am,
1753 4219 1810 4304 fi
1897 4217 2096 4298 hujus
2158 4215 2286 4278 lese
2356 4216 2675 4277 virtutem
2725 4214 3039 4298 proxime
3098 4213 3414 4298 aequall'e

294 4317 729 4400 rormcopiae,
759 4317 968 4401 juxta
1014 4316 1249 4393 arbor,
1314 4336 1403 4379 ex
1452 4337 1579 4401 qua
1622 4316 1816 4379 leonis
1888 4313 2083 4376 credi
2139 4311 2382 4376 voluit.
2484 4309 2684 4372 Hunc
2729 4309 2896 4371 olim
2933 4309 3288 4387 hominis,
3341 4321 3416 4374 at

1107 4548 1163 4609 b)
1198 4549 1350 4605 Tab.
1388 4551 1492 4611 IV.
1532 4570 1583 4607 v.
1628 4571 1679 4611 t.

346 4551 412 4610 a)
448 4550 516 4609 L,
550 4550 764 4604 XLIX.
807 4552 836 4621 ς
878 4568 957 4622 ¹5·
1053 4617 1099 4688 θ
1140 4619 1187 4671 L
1246 4619 1417 4672 xxu

278 4623 337 4684 e)
376 4619 448 4674 L.
483 4618 562 4674 u.
600 4617 693 4673 sub
732 4621 859 4686 init,

1680 4620 1735 4689 ω
1774 4553 1870 4679 ce)
1909 4552 2027 4602 Art.
2069 4559 2242 4606 amat.
2277 4548 2343 4603 1..
2385 4549 2490 4602 111.
2534 4556 2728 4615 *⁸389-

1728 4680 1732 4684 .
1823 4636 1918 4694 ιΡ·
1960 4637 2044 4688 ¹5·

2835 4543 2913 4610 d)
2952 4545 3085 4615 Pag.
3143 4560 3314 4614 ⁴119,
3360 4565 3403 4598 ι.
