4242 5459
1024 565 1119 641 L.
1218 538 1904 644 AVR'ELrvs
2009 565 2469 644 VERVS.
3231 598 3319 661 97

250 786 359 852 que
394 768 559 830 adeo
606 765 819 828 multo
860 765 1076 850 magis
1134 767 1418 852 conlega
1470 770 1730 845 verm,
1811 769 1946 834 hoc
1984 766 2185 832 titulo
2232 770 2568 853 priorem,
2621 779 2889 853 praeter
2956 787 3079 845 ea,
3152 789 3329 852 quae

252 864 409 952 quod
440 875 502 924 et
538 857 801 946 e'gregie
840 860 1292 946 comprobant
1337 868 1475 944 ejus
1510 863 1733 940 humi,
1812 868 1881 929 in
1918 864 2194 928 Aurelio
2247 865 2427 940 dixi,
2484 864 2925 928 confirmatur
2969 866 3188 926 numis
3225 865 3326 927 bi-

184 993 197 998 ·
253 978 500 1042 quorum
540 957 758 1020 nullus
791 977 1082 1041 unquam
1106 1004 1126 1035 ‚
1180 956 1224 1019 fi
1266 959 1476 1022 modo
1508 971 1734 1022 certae
1815 963 1917 1024 nis
1943 1008 1961 1038 ,
2014 978 2300 1042 quorum
2333 960 2505 1025 aiter
2531 961 2785 1023 Aurelii
2815 956 2901 1020 est
2928 1004 2948 1033 ,
3000 959 3172 1022 alter
3203 963 3342 1023 Ve-

250 1052 314 1115 fit
350 1052 523 1128 fidei,
596 1053 777 1115 bunc
849 1053 1118 1116 titulum
1162 1051 1466 1117 ostentat.
1549 1054 1734 1136 Quid
1813 1058 1893 1119 ri.
1946 1056 2202 1119 Aurelii
2241 1076 2480 1120 numus
2534 1059 2602 1119 iu
2649 1054 2886 1119 aversa
2950 1055 3344 1141 inscriptum·

254 1148 628 1211 sentiendum
668 1149 742 1211 fit
788 1150 872 1211 de
912 1149 1391 1228 marmoribuS,
1445 1170 1733 1234 quorum
1816 1151 2057 1215 offert:
2114 1150 2388 1216 CONG.
2413 1150 3164 1216 AvG.111.TR.POT.
3190 1154 3332 1215 XX.

254 1263 374 1307 non
415 1264 622 1329 pauca
686 1247 769 1312 L.
823 1247 1075 1307 Verum
1126 1258 1392 1328 patrem
1466 1248 1733 1333 patriae
1815 1247 2143 1312 1MP.111.
2170 1246 2362 1311 COS.
2397 1249 2551 1321 111..
2586 1261 2651 1310 et
2678 1266 2915 1308 numus
2940 1246 3138 1310 Veri:
3168 1247 3338 1315 ΜΒ.

256 1353 667 1426 creaverunt,
734 1343 803 1404 in
879 1339 1161 1404 Aurelio
1242 1342 1485 1405 eodem
1572 1342 1733 1406 loco
1809 1340 2905 1408 AvG.111.TR.P.v1.COS.11:.
2956 1343 3085 1405 Per
3109 1363 3336 1406 nume·
3395 1413 3402 1418 ,
3503 1323 3534 1347 '

253 1435 502 1502 dictum.
1811 1460 1960 1522 turn
1983 1427 2447 1501 tribunatuu‘m
2489 1438 2831 1521 utriusque
2857 1457 3103 1500 numus
3133 1437 3341 1524 [igna-

340 1579 345 1583 -
1809 1546 1921 1597 tus
1941 1533 2025 1596 est
2052 1537 2127 1597 V.
2155 1532 2229 1597 C.
2256 1556 2336 1614 9¹
2355 1556 2394 1615 9
2422 1580 2446 1611 ,
2495 1544 2562 1595 et
2585 1552 2708 1618 per
2741 1553 3092 1596 numerum
3112 1537 3339 1619 congi-

290 1626 709 1703 Armeniacus,
764 1623 1105 1693 Parthicus
1148 1649 1327 1698 max.
1379 1627 1684 1696 Medicus.
1814 1631 1993 1706 arii,
2047 1650 2289 1715 nempe
2343 1630 2499 1708 111.‚
2552 1639 2830 1713 uterque
2892 1630 3132 1692 eodem
3169 1640 3340 1693 tem.

1812 1745 1980 1811 pore
2008 1772 2026 1803 ‚
2080 1726 2189 1788 sed
2243 1745 2483 1789 numus
2522 1724 2781 1788 Aurelii
2828 1725 3026 1788 titulo
3069 1725 3342 1790 Pae-tm-

330 1818 574 1880 Horum
619 1819 974 1881 titulorum
1027 1819 1287 1906 genesin
1328 1825 1469 1905 Jam
1527 1839 1736 1904 expo·
1813 1825 1869 1886 ci
1903 1817 2168 1900 maximi
2214 1823 2438 1886 adhuc
2478 1818 2806 1899 abstinet,
2874 1839 3070 1902 quem
3109 1832 3352 1885 tamen·

260 1909 336 1973 tui
364 1915 428 1975 in
462 1915 739 1978 Aurelio
768 1914 884 1986 sub
917 1918 1157 1981 iisdem
1201 1916 1581 1994 vocabulis,
1621 1905 1767 2000 qui⁸
1808 1920 1949 2001 jam
1989 1917 2268 1981 exbibet
2301 1938 2541 1982 nunnus
2587 1917 2792 1995 Veri,
2843 1917 3169 2000 quiajam
3225 1927 3342 1983 em

257 2025 464 2094 nempe
511 2030 629 2074 eos
673 2031 796 2096 per
844 2010 1125 2076 fratrem
1184 2017 1436 2076 Verum
1501 2024 1736 2121 partos
1812 2012 2034 2077 hibuit
2069 2016 2137 2075 in
2176 2016 2523 2076 tribunatu
2555 2013 2640 2077 V.

258 2101 501 2190 suscepit
537 2109 784 2183 etiam,
834 2107 946 2171 sed
993 2111 1253 2218 priores
1294 2110 1466 2172 duos
1504 2109 1739 2170 nonni·
1914 2106 2220 2173 Medicus.
2266 2109 2373 2171 De
2428 2109 2700 2171 nomine
2763 2108 2942 2184 hoe,
3006 2109 3077 2172 in
3140 2111 3344 2175 unico

260 2193 336 2259 hil
372 2200 608 2279 serius,
659 2215 734 2265 ut
770 2206 913 2284 jam
949 2216 1089 2268 tum
1127 2204 1336 2267 innui.
1817 2214 2080 2265 tantum
2118 2202 2199 2264 L.
2256 2204 2420 2267 Veri
2471 2221 2680 2264 numo
2724 2200 2977 2280 obvio,
3052 2203 3163 2269 sed
3207 2205 3339 2269 fre·

332 2295 751 2363 Armeniacus.
826 2300 978 2363 Hoc
1039 2318 1287 2362 nomen
1361 2308 1639 2382 captum
1697 2314 1740 2357 a
1777 2300 2173 2382 quentiore
2213 2298 2282 2359 in
2324 2296 2823 2374 marmoribus,
2894 2298 3096 2376 vide,
3160 2320 3342 2385 quae

260 2387 412 2453 Vero
454 2393 520 2454 in
542 2394 887 2458 tribunatu
918 2396 1063 2478 111„
1116 2408 1182 2457 et
1216 2394 1571 2475 aliquanto
1593 2410 1740 2453 ma·
1822 2394 1917 2455 ad
1952 2392 2118 2456 inud
2155 2392 2337 2455 idem
2377 2393 2445 2455 in
2479 2391 2765 2456 Aurelio
2816 2390 3195 2459 observavi

259 2487 474 2565 tutius,
525 2510 732 2572 quam
780 2491 951 2553 illud
984 2490 1248 2555 admisit
1287 2488 1538 2570 frater,
1602 2491 1738 2567 jam

259 2579 313 2640 in
347 2586 601 2649 Aurelio
640 2583 1107 2649 stabilivimus.
1160 2585 1391 2648 Fluxit
1429 2584 1541 2648 hic
1578 2585 1745 2649 Veri
2321 2582 2372 2649 1
2383 2604 2445 2648 m
2455 2605 2503 2669 p
2521 2593 2852 2654 erato*

258 2675 600 2743 tribunatus
652 2700 806 2743 cum
858 2701 1040 2745 anno
1085 2703 1251 2766 917.
2094 2704 2099 2710 ·

342 2773 657 2841 Parthicus
697 2797 873 2842 max.
927 2776 1101 2840 Istud
1144 2797 1416 2864 quoque
1462 2797 1506 2840 a
1554 2781 1743 2841 Vero
1918 2776 2171 2860 Quoad
2204 2777 2424 2855 vixit,
2475 2778 2852 2861 imperator
2886 2779 2966 2840 V.
2994 2772 3086 2839 est
3109 2776 3344 2841 adcla-

262 2861 423 2930 fuiss'e
467 2875 957 2958 anticipatum,
1024 2871 1292 2937 abunde
1340 2876 1423 2936 in
1458 2873 1742 2938 Aurelio
1821 2887 2083 2953 mame,
2138 2885 2206 2937 et
2235 2873 2493 2959 semper
2521 2893 2657 2944 una
2697 2891 2849 2936 cum
2883 2869 3097 2937 fratre
3131 2875 3343 2938 Aure·

264 2962 541 3043 probavi.
593 2970 773 3033 lnud
792 2990 967 3032 vero
989 2967 1105 3031 fibi
1135 2969 1442 3055 adlegit
1425 2991 1492 3034 m
1536 2969 1741 3032 tribu·
1810 2969 1961 3048 lio,
2029 2961 2290 3053 semper
2357 2977 2638 3055 p'ropter
2709 2970 2983 3033 easdem
3064 2970 3341 3047 causas,

264 3069 409 3119 natu
432 3065 547 3146 V.,
595 3067 711 3149 qui
749 3067 1044 3129 cucurrit
1077 3084 1230 3127 cum
1287 3085 1467 3128 anno
1526 3069 1609 3129 V.
1664 3065 1740 3128 C.
1825 3086 1992 3149 quas
2040 3070 2183 3148 Jam
2250 3077 2665 3128 memoratas
2707 3068 2779 3129 in
2827 3065 3105 3132 Aurelio
3166 3085 3344 3131 nunc

272 3163 417 3231 918.
476 3158 687 3225 Fuisre.
726 3172 954 3226 autem
998 3162 1249 3224 Verum
1297 3162 1363 3226 in
1405 3162 1749 3249 capiendo
1823 3174 2131 3247 repetere
2169 3163 2770 3247 supervacaneum.

1475 3448 1566 3514 'P
1583 3447 1723 3514 RE
1739 3447 1857 3513 TI
1875 3445 1946 3513 V
1954 3448 2057 3516 M.

262 3627 560 3707 Caumatis
606 3641 881 3710 Romam·
913 3667 939 3706 .-

418 3740 675 3818 Aurei,
730 3753 800 3802 et
849 3738 1149 3823 argentei

417 3836 633 3898 Aeaei
688 3855 873 3899 max.
926 3835 1111 3896 mod.

412 3931 626 3994 Aeaei
682 3935 732 3994 1.
786 3945 853 3994 et
903 3933 980 3993 11.
1033 3927 1303 3991 formae

414 4028 633 4090 Aenei
685 4026 810 4090 111.
859 4024 1127 4088 formae
1375 4061 1401 4074 -
1602 4058 1630 4071 -
1706 4053 1717 4058 ·
1828 4055 1864 4085 —.
2053 4062 2084 4075 -
2151 4059 2158 4064 -
2271 4061 2310 4100 3

259 4110 563 4186 Caumatis
604 4124 940 4207 peregrini
990 4146 1012 4186 .·

415 4220 748 4303 Argentei
800 4216 1083 4289 urbium*
1120 4213 1536 4279 Graecarum

414 4315 637 4379 Aeaei
687 4315 930 4380 variae
980 4312 1271 4408 formae¹
1392 4351 1419 4362 -

412 4416 649 4476 Λευεῖ·
688 4411 1119 4475 coloniarum
1388 4446 1423 4459 ο

424 4507 897 4572 Alexandrini
1165 4523 1197 4556 ·’
1381 4537 1418 4580 a

335 4601 513 4682 (troz.
576 4600 789 4687 1711.)

2945 3729 3024 3891 ωσι.

2904 4213 3043 4662 ²990²
2951 3923 3031 4083 09
