4242 5459
1657 554 1664 561 “
1720 550 2100 630 GETA.

895 754 1311 821 -Nominm

438 944 692 1021 Lucius,
752 943 1032 1009 Publius.
1083 944 1247 1009 Inde
1281 963 1324 1007 a
1355 944 1744 1011 Commodo
1769 944 1867 1009 al·

343 1052 558 1101 terum
614 1039 746 1105 boc
790 1042 858 1104 in
896 1037 1072 1105 Geta
1109 1042 1493 1125 exemplum
1529 1042 1863 1109 habemus

342 1135 758 1201 variantium
799 1140 1339 1222 praenominum.
1391 1138 1597 1203 Ratio
1629 1143 1700 1204 in
1731 1136 1864 1202 Ge·

344 1242 421 1292 ta
459 1249 600 1293 non
641 1234 796 1296 satis
836 1235 1198 1317 expedita3
1249 1253 1406 1297 nam
1434 1232 1713 1299 difficile
1751 1231 1863 1313 est,

345 1346 434 1389 ex
473 1331 689 1392 numis
728 1328 959 1391 saltem
1011 1331 1374 1393 commatis
1411 1330 1703 1394 Romani
1747 1329 1865 1392 eli·

346 1440 549 1506 cere,
599 1423 753 1488 sitne
809 1425 1052 1488 eodem
1114 1438 1423 1512 tempore
1487 1426 1865 1513 promiscue

347 1528 637 1603 utroque
672 1522 1113 1607 praenomine
1147 1522 1335 1599 usna,
1404 1542 1493 1586 an
1544 1523 1865 1609 repudia·

342 1625 419 1676 to
454 1620 896 1699 praenomine
938 1617 1165 1696 Lucii,
1220 1619 1406 1702 quod
1459 1621 1655 1684 initio
1707 1640 1865 1703 pro-

337 1711 567 1795 prium
614 1712 855 1776 babuit
878 1761 898 1792 ,
954 1716 1044 1778 ad
1066 1716 1354 1781 alterum
1392 1715 1606 1782 Publia·
1644 1729 1866 1782 traus-

345 1806 589 1883 iverit3
642 1811 825 1893 quod
867 1812 1177 1896 expediri
1211 1813 1334 1877 vix
1357 1815 1648 1897 poterit,
1699 1833 1864 1898 quo·

337 1903 528 1965 niam
573 1908 760 1968 numi
805 1905 1022 1970 Getae
1065 1919 1222 1971 ante
1263 1911 1408 1990 ejus
1446 1907 1864 1972 consulatum

333 1995 569 2082 signati
610 2003 788 2064 notis
840 2002 1344 2088 chronologicis
1398 2004 1859 2069 destituuntur.

334 2091 514 2156 lfiud
554 2108 851 2175 certum,
904 2100 1057 2161 inde
1098 2098 1191 2161 ab
1230 2117 1407 2162 anno
1447 2101 1529 2162 V.
1577 2097 1657 2165 C.
1722 2112 1862 2187 958

327 2191 474 2272 jam
516 2193 784 2276 penitus
819 2194 1227 2280 suppressam
1253 2191 1436 2261 Lucii
1455 2194 1865 2281 appellatio·

333 2304 515 2350 nem.
617 2292 712 2351 At
749 2287 1007 2355 exstant
1041 2292 1231 2353 numi
1273 2288 1566 2373 Graeci,
1618 2292 1734 2374 qui
1794 2310 1864 2353 u·

335 2393 652 2467 trumque
690 2404 1108 2469 praenomen
1150 2388 1581 2469 conjungunt.
1643 2386 1757 2449 Sic
1795 2386 1866 2450 in

335 2475 518 2540 binis
581 2481 804 2543 numis
860 2482 1308 2566 integerrimis
1341 2478 1865 2545 Neocaesareae

331 2572 535 2637 Ponti
577 2575 760 2660 apud
802 2577 1180 2660 Haymium
1227 2578 1282 2640 is
1320 2577 1609 2640 dicitur:
1664 2581 1747 2643 A.
1778 2580 1861 2642 Π.

334 2669 523 2735 cen.
559 2671 885 2738 PETAC.
929 2674 1156 2738 KAlC.
1187 2669 1252 2755 ⁸)
1330 2672 1411 2736 ln
1444 2673 1583 2735 alio
1615 2668 1858 2756 Gythii

329 2764 683 2829 Laconiae
747 2768 934 2857 apud
980 2768 1457 2833 Pelleriniumz
1508 2770 1713 2837 Ao'r.
1772 2772 1858 2836 Π.

335 2860 652 2927 rcTAc.
705 2852 769 2944 ⁵)
845 2865 1087 2948 quain
1138 2864 1341 2928 causa
1388 2862 1669 2928 difficile
1708 2863 1863 2928 sane

336 2954 428 3020 est
470 2958 807 3023 arbitrari.
861 2960 1069 3026 Forte
1109 2960 1369 3044 placuit
1399 2961 1470 3027 in
1507 2979 1662 3025 eum
1703 2979 1862 3025 cou-

336 3072 571 3138 gerere
617 3068 983 3139 utrumque
1042 3075 1500 3142 praenomen,
1573 3050 1894 3140 quorum‘

335 3169 550 3239 unum
601 3151 798 3215 Lucii
836 3151 966 3215 fuit
999 3152 1216 3237 patris
1249 3150 1523 3228 Severi,
1574 3151 1866 3217 alterum

333 3247 566 3313 Publii
604 3249 880 3333 patrui,
930 3250 1117 3330 cujus
1158 3244 1338 3312 Geta
1382 3243 1599 3309 noster
1631 3249 1867 3312 omnia

321 3344 611 3409 nomina
662 3343 939 3422 habuit,
993 3362 1193 3427 quem
1259 3360 1503 3428 nempe
1556 3361 1863 3407 marmor

330 3439 747 3522 Cortynium
778 3439 1124 3528 appellat:
1180 3440 1650 3504 no'rBAloN.
1674 3437 1862 3503 cen·

331 3538 697 3604 TLMION.
745 3536 1081 3602 rETAN.
1117 3538 1170 3615 ‘)
1227 3532 1537 3601 Ceterum
1565 3534 1865 3620 gemina·

332 3636 394 3699 ti
435 3633 898 3721 praenominis
932 3631 1005 3695 in
1037 3650 1175 3695 uno
1222 3632 1598 3715 eodemque
1639 3629 1866 3693 homi-

327 3751 424 3797 ne
467 3729 787 3813 exempla
830 3729 1029 3814 plura
1071 3747 1158 3792 ex
1204 3726 1661 3791 marmoribus
1707 3744 1863 3790 con·

333 3827 498 3890 tulit
537 3825 1087 3910 diligentissimus
1125 3824 1488 3891 MariniuS.
1522 3813 1586 3904 ἆ)

3326 586 3469 657 ⁸3⁵

1944 772 2062 829 re,
2116 767 2322 836 atque
2363 751 2572 817 etiam
2626 753 2949 838 deinceps
3001 772 3251 819 nomen
3294 751 3467 821 istud

1942 848 2200 913 nonnifi
2237 846 2542 935 Augustis
2582 851 2958 934 proprium.

2045 985 2438 1050 Antoninus.
2493 983 2603 1048 Ab
2634 984 2788 1070 ipsis
2831 985 3175 1053 veteribus
3202 984 3473 1053 dubita-

1952 1091 2094 1144 tum
2118 1130 2144 1163 ,
2196 1092 2417 1144 utrum
2455 1078 2671 1145 Getae
2721 1081 3046 1145 Antonini
3082 1102 3329 1147 nomen
3365 1082 3470 1148 fu·

1954 1178 2121 1254 erit,
2173 1190 2248 1241 ut
2280 1177 2624 1262 colligitur
2654 1198 2741 1241 ex
2785 1177 3153 1263 Spartiano
3189 1178 3304 1241 sub
3341 1179 3469 1242 ini·

1952 1275 2119 1337 tium
2152 1275 2341 1338 vitae
2377 1269 2617 1340 Getae.
2671 1273 3010 1337 Continuo
3036 1274 3335 1359 probare
3364 1294 3478 1339 co·

1952 1370 2139 1455 piose
2181 1367 2497 1452 instituit,
2550 1390 2703 1433 eum
2743 1389 3012 1455 quoque
3050 1372 3304 1434 dictum
3346 1378 3482 1436 An·

1955 1468 2262 1529 toninum
2287 1513 2308 1544 ,
2362 1466 2547 1552 quod
2586 1478 2654 1529 et
2697 1466 2936 1530 diserte
2964 1466 3323 1551 profitetur
3345 1465 3480 1531 Ca·

1956 1563 2306 1648 pitolinus.
2338 1561 2401 1645 ‘)
2471 1562 2680 1626 Numi
2716 1561 2893 1627 hanc
2936 1563 3478 1650 appellationem

1952 1661 2290 1746 ignorant.
2382 1656 2707 1723 Gruterus
2775 1676 2935 1746 pag.
3004 1678 3135 1743 ¹57
3183 1672 3485 1742 quatuor

1952 1756 2196 1825 ordine
2229 1760 2580 1820 marmora
2632 1754 2938 1841 profert,
2989 1775 3167 1841 quae
3225 1753 3479 1820 Getam

1950 1854 2369 1917 Antoninum
2398 1852 2674 1930 dicunt,
2727 1850 2842 1915 sed
2878 1853 2992 1930 iis,
3043 1864 3190 1915 utut
3222 1853 3480 1918 fincera
3576 1866 3579 1869 ·

1949 1947 2257 2034 profiteri
2289 1946 2579 2010 velimus
2602 1994 2621 2024 ,
2670 1947 3185 2012 nolimomnem
3217 1946 3479 2036 habere

1952 2044 2181 2108 fidem.
2238 2044 2412 2108 Vide
2453 2043 2660 2105 etiam
2692 2090 2712 2119 ,
2769 2063 2944 2127 quae
2979 2043 3050 2107 in
3088 2043 3483 2133 Elagabalo

1951 2139 2039 2201 ad
2074 2158 2325 2202 nomen
2370 2139 2695 2202 Antonini
2726 2137 3015 2207 notabo.
3285 2130 3303 2157 ‘

2046 2290 2337 2355 Severus.
2390 2289 2459 2353 Si
2500 2289 2671 2355 fides
2725 2292 3054 2356 marmori
3095 2291 3474 2380 Hispanico

1951 2389 2136 2469 apud
2183 2384 2584 2464 Gruterum,
2613 2375 2661 2464 t)
2745 2388 2982 2452 Severi
3037 2407 3313 2474 quoque
3349 2408 3473 2455 ιιο·

1949 2502 2106 2545 men
2145 2479 2432 2560 habuit,
2498 2482 2608 2546 sed
2646 2480 2810 2547 iflud
2853 2483 2995 2549 alia
3028 2497 3473 2552 monumenta

1949 2577 2393 2643 dissimulant.

2047 2676 2438 2753 Hadrianus.
2503 2674 2581 2739 In
2621 2694 2829 2739 numo
2873 2676 2965 2742 ab
3004 2673 3349 2743 Iliensibus
3393 2675 3471 2743 fi-

1948 2782 2201 2858 guato,
2255 2782 2328 2834 ut
2345 2783 2587 2835 auctor
2615 2770 2704 2835 est
2722 2772 3231 2859 Pellerinius,⁸)
3273 2777 3472 2857 juxta

1950 2866 2168 2930 Getae
2209 2880 2415 2952 caput
2455 2868 2739 2954 legitur:
2818 2871 2903 2937 Π.
2955 2871 3214 2937 ΕΕΠΤ.
3271 2873 3471 2937 ΔΔΡ.

1950 2962 2264 3029 rcTAC.
2306 2966 2497 3042 KA„
2547 2983 2684 3048 quo
2717 2965 2965 3044 confit,
3017 2965 3234 3033 Getae
3259 2969 3473 3031 etiam

1947 3058 2281 3127 Hadrimn‘
2325 3079 2572 3126 nomen
2617 3059 2834 3127 fuiffe.
2903 3061 3293 3149 Suspicatur
3320 3064 3470 3127 Pel·

1948 3154 2272 3232 ininius,
2322 3175 2600 3219 numum
2650 3148 2839 3221 hunc'
2866 3175 3004 3222 non
3043 3160 3134 3223 ad
3172 3158 3472 3224 nostrum

1951 3247 2226 3330 Getam,
2294 3251 2406 3314 sed
2460 3252 2750 3315 alterum
2802 3252 3101 3337 aliquem
3178 3256 3471 3322 Hadria·

1949 3364 2095 3411 unm
2155 3345 2420 3423 Getam,
2517 3344 2922 3410 Caracallae
2994 3368 3080 3410 ex
3143 3348 3470 3413 Plautina

1949 3438 2133 3522 forte
2174 3438 2387 3504 filium
2421 3441 2606 3526 poss'e
2656 3442 3025 3526 pertinere.
3091 3446 3469 3528 Argumen-

1950 3546 2067 3615 ta,
2119 3553 2298 3619 quae
2340 3534 2639 3614 ·adfert,
2710 3534 2916 3600 valde
2967 3536 3113 3600 sunt
3153 3535 3469 3623 infirma,

1950 3644 2019 3696 et
2101 3631 2261 3694 solis
2374 3628 2746 3696 Froelichii
2830 3632 3276 3717 conjecturis,
3343 3631 3460 3699 sed

1948 3726 2056 3792 his
2102 3746 2374 3811 quoque
2437 3726 2765 3803 infirmis,
2833 3726 3036 3806 nixa,
3097 3747 3268 3812 quas
3317 3731 3471 3812 jam

1947 3823 2148 3910 supra
2190 3825 2256 3886 in
2294 3823 2523 3888 liberis
2553 3822 2915 3888 Plautinae
2953 3820 3275 3891 refutavi.
3326 3825 3471 3891 Du·

443 3922 627 3987 Pius.
682 3921 1029 4003 Quamdiu
1059 3919 1305 3984 Caesar
1339 3932 1510 3998 erat,
1561 3918 1697 3985 hoc
1743 3937 1862 3983 no·
1944 3918 2149 3982 bitari
2180 3939 2339 4005 ergo
2366 3922 2621 4004 nequit,
2671 3918 2848 3984 hunc
2880 3940 3155 4006 quoque
3188 3942 3475 3987 numum

315 4019 514 4085 mine
555 4015 908 4093 abstinuit,
961 4037 1125 4080 mox
1166 4036 1302 4080 una
1362 4036 1514 4079 cum
1586 4013 1858 4104 Augusti
1943 4017 2069 4078 effe
2111 4012 2326 4079 Getae
2380 4016 2612 4080 Severi
2678 4015 2851 4094 filii,
2921 4037 3306 4102 nomenque
3364 4018 3480 4089 ini

315 4114 605 4179 nomine
637 4113 936 4200 suscepit.
1013 4112 1190 4185 Fuit,
1217 4112 1368 4179 saue
1409 4112 1544 4178 hoe
1586 4124 1853 4201 tempo·
1938 4112 2278 4177 Hadriani
2318 4132 2358 4176 a
2389 4124 2587 4200 patre
2631 4115 2869 4187 datum
2894 4158 2917 4196 ,
2967 4115 3084 4200 qui
3118 4113 3183 4179 se
3217 4134 3343 4203 per
3373 4116 3464 4179 ri·

395 4379 451 4441 a)
493 4377 662 4437 Tem.
699 4380 779 4437 11.
865 4419 877 4432 .
922 4395 1046 4449 335.

1236 4377 1294 4446 b)
1331 4379 1476 4434 Mel.
1505 4381 1581 4433 11.
1620 4398 1676 4451 p.
1721 4383 1838 4432 260.

297 4463 442 4522 βω.
639 4450 692 4515 e)
728 4452 788 4502 in
891 4452 1080 4504 utine
1113 4465 1163 4505 e.
1193 4464 1250 4521 3.

1445 4448 1490 4518 ἰ)
1525 4450 1658 4521 Peg.
1696 4452 1817 4520 267.
1855 4464 1910 4506 α.

2038 4381 2097 4451 e)
2127 4379 2336 4434 Gruter.
2421 4417 2434 4432 .
2477 4397 2641 4451 ¹⁰99·-
2668 4398 2717 4447 7.
2916 4378 2980 4451 d)
3017 4379 3166 4437 Fut.
3199 4395 3320 4437 arv·
3351 4395 3420 4452 p-

2101 4451 2332 4521 93⁰⁹·
2464 4451 2782 4522 ·p.xm.

2111 4602 2125 4613 “
2708 4588 2713 4592 ’
2846 4591 3065 4683 Gga
