4242 5459
983 520 1134 596 48⁶

988 708 1349 799 perstitem.
1402 710 1556 772 Non
1578 705 1840 771 inficior
1891 703 2140 785 objecti
2161 706 2325 770 nodi
2356 727 2502 771 mo·
2581 711 2988 773 xandrinum
3024 725 3497 799 praeterquam
3536 729 3676 776 cum
3710 712 3870 775 annis
3903 727 3982 778 set

993 806 1294 882 lestiam,
1349 826 1564 890 neque
1624 823 1774 867 eum
1828 801 2137 878 declino,
2203 802 2308 864 sed
2350 822 2502 867 cum

982 925 1091 966 res
1132 904 1273 987 ipsa
1310 900 1629 985 postulet,
1702 898 2176 982 reperiundum
2243 894 2330 960 est
2384 900 2499 961 ali·

992 1002 1191 1083 quid,
1245 998 1427 1080 quod
1465 1000 1603 1077 ejus
1654 994 1976 1078 ambages
2020 992 2337 1056 resolvat.
2415 998 2503 1056 A·

990 1094 1626 1158 nimadvertendum
1705 1090 2100 1173 cumprimis
2132 1134 2150 1165 ,
2248 1088 2502 1150 nullum

993 1192 1269 1253 omnino
1296 1189 1618 1250 hactenus
1660 1187 2003 1270 cognitum
2038 1183 2165 1245 effe
2201 1184 2502 1247 Aurelia·

985 1287 1055 1349 ni
1093 1304 1364 1347 numum
1406 1302 1556 1345 cum
1594 1300 1771 1345 anno
1806 1282 1878 1343 Z.
1945 1283 2050 1341 An
2087 1299 2252 1343 vero
2286 1280 2503 1341 credi-

988 1380 1168 1460 bile,
1220 1381 1263 1441 fi
1326 1376 1435 1441 die
1482 1370 1736 1441 XXIX.
1801 1374 2074 1459 Augusti
2147 1378 2288 1457 eJus
2344 1374 2504 1437 anni

986 1475 1358 1559 imperavit
1404 1473 1671 1547 adhuc,
1725 1483 1844 1534 aut
1897 1471 2119 1534 nullos
2183 1472 2502 1565 deinceps

986 1592 1229 1637 numos
1279 1591 1430 1633 cum
1480 1573 1618 1652 ejus
1652 1569 1875 1652 capite
1912 1565 2101 1629 fuiss'e
2138 1566 2502 1652 percuss‘08‚

988 1681 1109 1733 aut
1147 1668 1389 1730 horum
1437 1665 1693 1727 nullum
1746 1664 1839 1726 ad
1899 1681 2031 1725 nos
2094 1661 2503 1747 perveniss‘e,

983 1783 1138 1828 cum
1170 1776 1398 1826 tamen
1421 1773 1524 1823 tot
1563 1779 1714 1822 cum
1754 1759 1989 1821 uxoris
2020 1759 2245 1840 capite
2277 1756 2499 1839 super-

985 1860 1107 1923 fint
1139 1905 1158 1934 ,
1212 1870 1279 1919 et
1313 1868 1609 1919 aetatem
1659 1854 1982 1917 tulerint?
2033 1852 2180 1936 Ipse
2219 1851 2330 1914 hic
2363 1856 2500 1930 ejus

984 1972 1341 2019 numerum
1384 1949 1728 2030 defectus,
1783 1949 1896 2031 qui
1932 1959 2159 2010 tamen
2181 1946 2501 2034 supereffe

983 2051 1355 2124 deberent,
1400 2066 1554 2110 cum
1590 2045 1782 2110 obvii
1817 2042 1936 2106 [int
1982 2044 2215 2106 uxoris
2269 2044 2501 2123 numi,

982 2148 1140 2211 satis
1181 2163 1303 2208 nos
1344 2144 1671 2206 admonet
1699 2190 1718 2219 ,
1767 2140 2204 2204 Aurelianum
2246 2140 2499 2202 dictum

980 2245 1340 2309 terminum
1380 2258 1516 2302 non
1549 2236 1834 2322 attigiffe
1862 2282 1886 2312 ,
1936 2249 2003 2298 et
2038 2235 2372 2299 adsertum
2410 2234 2500 2298 ab

981 2337 1309 2405 historicis
1334 2338 1787 2417 interregnum
1814 2328 2060 2393 stabilit
2085 2332 2335 2413 potius,
2390 2337 2501 2410 At,

980 2437 1284 2519 inquieti,
1355 2450 1515 2493 num
1573 2428 1761 2493 cusos
1810 2426 2201 2510 putabimus
2255 2445 2497 2489 numos

978 2532 1214 2594 uxoris
1263 2528 1536 2591 nomine
1596 2535 1866 2587 mortuo
1923 2524 2127 2584 etiam
2181 2522 2429 2583 marito
2470 2523 2499 2582 ?

885 2686 898 2699 ,
979 2630 1136 2707 Aj0,
1189 2643 1407 2707 neque
1434 2619 1602 2683 istud
1635 2621 1818 2682 nullo
1856 2617 2199 2702 exemplo.
2251 2617 2497 2680 Liviae

973 2717 1277 2805 Augusti,
1331 2731 1398 2780 et
1418 2718 1734 2780 Domnae
1768 2714 2000 2776 Severi
2022 2697 2352 2775 habemus
2379 2732 2499 2773 nu-

973 2835 1127 2878 mos
1188 2803 1471 2875 mortuis
1523 2812 1784 2873 maritis
1833 2827 1955 2891 per
1996 2808 2384 2890 provincias
2426 2807 2498 2870 fi.

972 2920 1240 2994 gnatos.
1298 2913 1387 2968 At
1418 2906 1661 2967 harum
1707 2900 2079 2986 superstites
2133 2901 2321 2965 fuere
2378 2903 2498 2969 filii

969 2992 1408 3087 imperantes,
1459 2996 1653 3061 Esto:
1706 2998 1876 3059 nihil
1918 2998 2093 3057 enim
2130 2998 2280 3078 plus
2329 2998 2497 3062 istud

969 3095 1266 3184 probat,
1320 3112 1524 3179 quam
1571 3091 1762 3154 fuisse
1800 3092 2136 3154 rationem
2178 3093 2494 3157 dedican-

972 3195 1106 3258 dae
1151 3194 1416 3276 utrique
1460 3192 1665 3252 etiam
1699 3184 1843 3272 post
1884 3186 2283 3249 maritorum
2317 3208 2492 3251 mor·

970 3303 1106 3355 tem
1155 3301 1488 3352 monetae.
1599 3285 1827 3368 Ergo,
1879 3279 1989 3344 etfi
2029 3301 2166 3344 non
2203 3284 2492 3363 eadem,

970 3400 1202 3451 tamen
1240 3384 1366 3447 ess'e
1407 3382 1647 3464 aliqua
1682 3380 1858 3440 ratio
1896 3379 2165 3462 potuit,
2215 3393 2495 3465 propter

971 3504 1175 3568 quam
1222 3481 1578 3565 placuerit,
1627 3476 1992 3539 Severinae
2028 3490 2378 3537 monetam
2429 3498 2493 3540 e.

967 3581 1134 3642 tiam
1173 3576 1313 3664 post
1358 3574 1703 3636 Aureliani
1752 3570 2083 3633 excess'um
2146 3573 2493 3661 continua7

966 3694 1084 3751 re,
1140 3673 1358 3758 qualis
1401 3670 1527 3734 effe
1562 3678 1835 3755 poterat
1894 3666 2005 3728 vel
2055 3663 2365 3729 adfectus
2425 3669 2495 3731 in

966 3767 1358 3833 defunctum
1383 3816 1401 3841 ,
1458 3767 1567 3829 vel
1615 3763 1938 3848 quoniam
1971 3761 2144 3824 haec
2180 3782 2315 3825 una
2348 3776 2493 3827 tum

964 3862 1294 3946 superfuit
1352 3859 1643 3946 Augusto
1707 3861 1980 3919 nomine
2030 3855 2372 3941 insignita,
2424 3872 2494 3925 et

964 3961 1148 4043 quod
1194 3958 1618 4040 consequitur
1644 4002 1663 4031 ,
1716 3972 1916 4016 nemo
1952 3966 2111 4014 tunc
2157 3953 2329 4016 alius
2360 3954 2494 4020 fuit

957 4051 1226 4141 praesto
1254 4098 1272 4125 ,
1327 4056 1512 4130 cujus
1560 4052 1832 4112 nomine
1868 4049 2325 4112 Alexandriae
2371 4071 2489 4136 pe-

964 4150 1165 4214 cunia
1207 4147 1274 4208 in
1330 4145 1475 4206 usus
1538 4145 1973 4227 quotidianos
2027 4144 2339 4207 cudenda
2389 4149 2489 4208 in-

959 4245 1327 4327 figniretur.
1410 4241 1714 4302 Adverto
1768 4252 2162 4321 praeterea,
2232 4240 2487 4307 nullum

964 4340 1187 4404 adhuc
1232 4337 1575 4423 proditum
1612 4333 1975 4396 Severinae
2012 4354 2290 4399 numum
2331 4337 2489 4400 Ale-

2071 440 2990 615 AVRELIANVS.

2587 808 2677 882 Z,
2731 808 2799 869 id
2829 806 2914 868 est
2933 809 3049 873 VI.
3090 822 3156 871 et
3194 810 3344 872 vn.
3368 858 3387 888 ,
3453 809 3494 871 fi
3518 808 3789 888 Arigonii
3816 827 3979 869 numos

2585 901 2819 964 demas
2855 922 3004 967 cum
3051 908 3239 967 annis
3284 910 3362 981 A,
3397 902 3458 987 ²)
3479 892 3708 979 et13‚¹’)
3731 903 3819 964 sed
3858 906 3980 983 cujus
4093 918 4094 925 ¹

2583 996 2926 1060 iconismis
2945 1001 3088 1077 jure
3126 999 3516 1063 diffidimus.
3569 998 3756 1078 Quod
3784 996 3984 1079 suspica·

2583 1091 2639 1155 ri
2671 1090 2878 1169 facit,
2931 1093 3293 1158 Seven-inae
3330 1094 3574 1157 nonnisi
3614 1091 3785 1157 caeso
3814 1091 3981 1153 marito

2585 1205 2824 1283 numos
2895 1187 3355 1254 Alexandriae
3409 1190 3698 1252 dedicari
3744 1199 3982 1270 coeptos,

2583 1282 2790 1366 idque
2853 1282 3116 1347 factum
3188 1285 3601 1363 necessario,
3683 1282 3841 1346 nullo
3894 1295 3984 1343 tum
4095 1270 4096 1279 ²

2583 1377 2722 1441 alio
2766 1379 3039 1442 vivente
3066 1428 3085 1455 ‚
3138 1395 3212 1444 ut
3246 1382 3414 1445 dixi.

2681 1475 2873 1537 Haec
2938 1476 3252 1540 doctrina
3309 1489 3381 1538 ut
3425 1476 3717 1540 violenta
3757 1489 3865 1534 non
3905 1467 3985 1548 eft,

2583 1572 2681 1633 ita
2722 1581 2786 1632 et
2816 1568 3123 1633 statutum
3157 1572 3246 1636 ab
3278 1570 3608 1634 historicis
3639 1571 3984 1648 interregnum
4095 1600 4096 1609 κ

2581 1666 2942 1750 plurimum
2981 1669 3290 1747 adjuvat.
3341 1665 3669 1729 Aliorsum
3705 1663 3827 1725 abit
3861 1659 3985 1721 Maz-

2581 1761 2898 1840 zolenus,
2969 1763 3082 1843 qui
3123 1764 3361 1825 ductus
3404 1761 3788 1824 auctoritate
3825 1771 3986 1816 numo·

2581 1877 2730 1921 rum
2789 1858 3223 1935 Latinorum,
3314 1859 3431 1939 qui
3485 1855 3638 1920 trib.
3693 1848 3986 1937 potestaten

2581 1954 2728 2016 vu.
2771 1952 3176 2030 inscribunt,
3231 1966 3298 2016 et
3341 1941 3985 2014 Alexandrinorum&-

2579 2050 2858 2112 verinae
2900 2068 3052 2111 cum
3105 2067 3285 2112 anno
3331 2050 3382 2109 Z
3411 2094 3432 2124 ,
3481 2045 3727 2120 statuit,
3770 2038 3986 2104 Aurelia-

2577 2165 2738 2209 num
2773 2145 3027 2206 dictum
3069 2143 3258 2206 fuiss'e
3290 2141 3652 2229 Augustum
3691 2140 3840 2202 circa
3870 2130 3986 2194 initi·

2583 2261 2696 2303 um
2730 2237 3128 2302 Decembris
3159 2241 3242 2306 V.
3280 2237 3354 2303 C.
3402 2258 3620 2320 1023,
3669 2252 3810 2301 mox
3836 2224 3986 2313 proxi·

2579 2338 2696 2399 'mo
2733 2337 2847 2397 lv.
2907 2337 3063 2397 idus
3107 2335 3368 2397 iterasse
3425 2335 3582 2397 trib.
3658 2323 3986 2417 potestatem·
4097 2398 4098 2403 η

2584 2450 2667 2494 ac
2705 2433 2976 2494 demum
3020 2431 3263 2508 eodem
3293 2430 3404 2492 die
3439 2429 3598 2493 anni
3631 2436 3788 2495 1028
3813 2413 3987 2483 iniviss'e
4097 2436 4098 2443 ¹

2582 2527 2993 2589 tribunatum
3048 2525 3240 2605 VIL,
3292 2536 3360 2587 et
3407 2525 3754 2588 secundum
3791 2512 3988 2578 eandem

2579 2621 2795 2706 legem
2845 2621 3288 2705 explicandos
3338 2623 3548 2684 etiam
3599 2607 3989 2684 Alexandrinos

2580 2717 2983 2793 severinae,
3039 2717 3361 2800 quoniam
3397 2718 3576 2801 ⁸anni
3626 2716 3725 2778 his
3781 2696 3986 2782 inscriP'j

2551 2832 2670 2879 ‚ex
2707 2815 2846 2891 ejus
2884 2811 3208 2876 sententia
3240 2831 3375 2874 non
3406 2812 3499 2875 ab
3552 2818 3810 2874 exeunte
3839 2804 3988 2880 Augu·

2583 2905 2673 2970 fio
2715 2908 3173 2984 deducuntur,
3224 2908 3336 2970 sed
3368 2906 3804 2970 tribunatu'um
3830 2908 3987 2957 nume·

2578 3025 2724 3066 rum
2771 3004 3146 3085 sequuntur.
3235 3008 3326 3066 At
3387 3022 3545 3065 cum
3595 2992 3885 3065 adversari
3915 2980 3989 3047 fibi

2579 3099 2814 3161 videat
2846 3099 3214 3182 Vopiscum
3250 3096 3703 3172 adserentem,
3760 3086 3990 3153 Tacitum

2572 3198 2718 3277 Jam
2746 3194 2900 3256 VII.
2949 3195 3103 3259 Kal.
3144 3193 3427 3261 octobr.
3467 3196 3625 3259 anni
3656 3194 3735 3256 V.
3783 3183 3984 3249 C.1⁰28

2576 3288 2861 3352 electum
2885 3290 3367 3376 imperatorem
3390 3336 3412 3365 ‚
3466 3303 3671 3373 atque
3690 3289 3888 3349 iterum
3901 3273 3985 3334 Vo-

2578 3385 2828 3469 piscum
2869 3398 2935 3447 et
2980 3399 3335 3470 utrumque
3386 3386 3726 3449 Victorem
3766 3380 3987 3471 auctores

2579 3481 2945 3544 anarchiae
2981 3482 3094 3547 Vl.
3135 3482 3247 3544 vel
3269 3481 3421 3544 vll.
3458 3479 3763 3544 mensium
3786 3523 3804 3554 ,
3843 3463 3987 3555 ‚abhss

2577 3577 2640 3639 se
2679 3574 2993 3642 molestiis
3044 3578 3368 3641 continuo
3425 3576 3672 3639 liberat
3716 3555 3985 3635 inficiando

2576 3674 2883 3735 omnium
2927 3675 3172 3737 horum
3227 3669 3753 3735 testimoniorum
3811 3657 3987 3724 verita·

2576 3780 2734 3831 tem.
2798 3769 2858 3851 c)
2921 3769 3194 3833 Necess‘e
3235 3788 3375 3832 non
3437 3783 3648 3853 puto,
3709 3763 3857 3826 hanc
3896 3750 3986 3852 ⁶5¹¹?

2575 3863 3008 3943 sententiam,
3060 3865 3168 3928 cui
3202 3865 3323 3929 vix
3362 3866 3767 3928 eruditorum
3811 3849 3988 3934 qssissist‘

2577 3979 2690 4022 am
2743 3959 2948 4023 facile
2995 3961 3397 4038 subscribet,
3482 3959 3707 4022 multis
3761 3946 3988 4014 refutare

2572 4058 2704 4137 Ajo
2747 4068 3051 4133 tantum,
3103 4058 3173 4121 in
3216 4056 3348 4119 hac
3403 4059 3545 4136 ejus
3596 4049 3867 4116 doctrina
3903 4049 3993 4097 1¹0⁰

2577 4150 2859 4236 potuiss'e
2919 4150 3159 4235 [ignari
3213 4171 3456 4214 numos
3532 4139 3846 4213 Aureliani
3891 4142 3994 4233 cusu

2574 4267 2754 4313 anno
2808 4250 2910 4321 A,
2961 4266 3251 4330 quorum
3318 4259 3548 4311 tamen
3607 4237 3995 4322 compluresm

2573 4341 2816 4404 museis
2851 4340 3147 4420 exstant,
3203 4361 3336 4406 non
3376 4352 3532 4405 ante
3577 4340 3744 4402 diem
3772 4331 3864 4395 w.
3890 4318 3990 4383 idn-⁴

953 4454 3950 4508 ffl-——ss-w———ss

1025 4545 1085 4616 ὠ
1122 4543 1289 4609 num.
1310 4544 1498 4625 ples.
1533 4541 1651 4617 tab,
1686 4542 1905 4600 xxlx.

2098 4544 2161 4613 b)
2193 4546 2362 4608 Numi
2397 4549 2493 4606 alii
2522 4550 2848 4621 meatui),
2879 4552 2990 4625 lx,

3176 4556 3234 4625 ο)
3257 4552 3333 4611 «ιο
3365 4548 3490 4608 trib.
3519 4556 3634 4622 pot,
3665 4562 3720 4614 p.
3795 4545 3886 4604 19ae
3907 4521 3986 4589 s*
