4242 5459
982 540 1129 602 484

1261 713 1355 782 Vt
1386 712 1479 775 at.
1518 712 1606 777 A.

956 813 1428 883 VICTORIA.
1484 804 1768 871 GERM.
1826 801 2119 869 Victoria
2151 802 2481 889 gradiens.

956 915 1100 978 ΑΕ.
1145 909 1265 974 111.
1323 904 1524 985 (Mus.
1560 900 1775 979 Caes.)
1816 924 1821 939 ·

1258 1004 1335 1070 V
1333 1014 1358 1068 t
1399 1002 1495 1064 lit.
1532 999 1620 1064 A.

960 1100 1432 1170 VICTORIA.
1479 1091 1879 1183 GOTHIC„
1921 1094 2272 1175 Tropaeum
2321 1090 2486 1154 inter

955 1204 1115 1267 duos
1146 1199 1444 1281 captivos.
1512 1190 1647 1253 AE.
1699 1190 1814 1253 ΙΙΙ.
1873 1188 2214 1267 (Tanini.)

1058 1295 1319 1357 Numus
1365 1287 1535 1349 alter
1577 1286 1951 1347 rarissimus
2006 1292 2338 1343 memorat
2380 1301 2483 1342 re-

958 1394 1175 1457 latam
1212 1388 1295 1449 de
1351 1381 1907 1456 Marcomanni8‚
1978 1377 2266 1458 aliisque
2319 1375 2483 1437 Ger-

956 1487 1235 1555 maniae
1268 1478 1540 1565 populis
1582 1477 1947 1540 victoriam
1973 1521 1992 1552 ‚
2060 1475 2247 1552 cujus
2289 1473 2486 1554 supra

958 1585 1053 1647 ad
1090 1598 1339 1645 annum
1382 1577 1462 1639 V.
1503 1573 1580 1639 C.
1637 1592 1815 1654 1073
1862 1570 2155 1633 memini.
2209 1570 2486 1631 Dictum

960 1681 1051 1744 ab
1096 1678 1200 1739 his
1236 1670 1542 1736 victoriis
1609 1670 2038 1733 Germanicum
2084 1663 2483 1738 Mastmum,

962 1787 1031 1838 et
1068 1769 1393 1837 Gothicum
1421 1767 1816 1846 Maximum,
1867 1765 1935 1825 in
1973 1764 2110 1841 ejus
2135 1759 2346 1821 titulis
2381 1758 2483 1819 vi-

910 1944 913 1947 ,
964 1868 1305 1933 debimuS.

1264 1961 1356 2029 Vt
1390 1959 1487 2030 lit,
1514 1959 1596 2020 A.

962 2059 1324 2124 VIRTVS.
1387 2051 1809 2117 ILLYRICI.
1879 2040 2072 2114 Mars
2135 2044 2482 2132 gradiens,

950 2179 1078 2243 pro
1114 2154 1382 2243 pedibus
1414 2155 1717 2237 captivus.
1768 2146 1906 2209 ΑΕ.
1963 2145 2080 2211 111.
2135 2139 2484 2232 (Tanini.)

1396 2345 1609 2412 Divus
1655 2337 2069 2446 Aurelianus.

1062 2541 1319 2607 Audita
1372 2540 1512 2613 eius
1550 2554 1713 2598 nece
1762 2532 2085 2596 continuo
2120 2548 2207 2593 ex
2229 2527 2485 2590 senten-

962 2644 1067 2705 tia
1091 2638 1323 2701 Taciti
1360 2649 1498 2698 tum
1525 2631 1748 2696 adhuc
1783 2628 2037 2713 privati
2072 2625 2324 2688 decreti
2359 2623 2485 2685 ho-

966 2754 1169 2800 nores
1227 2732 1460 2795 divini.
1496 2730 1561 2813 ⁸)
1634 2726 1766 2788 Sed
1806 2724 2037 2787 desunt
2092 2721 2319 2793 numi,
2372 2717 2488 2800 qui

966 2829 1135 2893 istud
1184 2825 1567 2888 stabilirent.
1623 2825 1859 2901 Neque
1907 2839 1992 2880 ex
2031 2815 2486 2880 marmoribus

965 2924 1119 3006 plus
1148 2922 1339 2981 lucis.
1371 2921 1635 2980 Tamen
1659 2914 1843 2985 diuus
1863 2913 2250 2995 appellatur
2279 2912 2343 2971 in
2367 2929 2483 2971 ca·

962 3017 1203 3097 talogo
1248 3012 1576 3074 natalium
1623 3008 2029 3082 Caesarum,
2103 3025 2305 3088 quem
2345 3002 2490 3090 post

967 3109 1375 3177 Eucherium
1424 3101 1703 3168 restituit
1744 3102 2102 3167 Mal-iuius·
2145 3090 2207 3185 b)

1260 3301 1459 3367 Numi
1508 3297 1829 3365 commatis
1869 3296 2215 3379 peregrini.

942 3540 949 3547 -
1063 3499 1359 3561 Numum
1412 3488 1749 3554 Graecum
1801 3486 2172 3551 Aureliano
2225 3509 2268 3550 a
2327 3488 2491 3550 Per-

969 3593 1268 3679 genlibus
1288 3586 1741 3671 Pamphyliae
1763 3586 2151 3647 dedicatum
2190 3604 2277 3645 ex
2307 3584 2489 3645 sche-

969 3692 1076 3752 dis
1120 3687 1471 3750 Vaillantii
1517 3685 1758 3745 recitat
1801 3680 2205 3742 BanduriuS.
2244 3678 2302 3761 ε)
2356 3678 2490 3741 Sed

973 3785 1194 3845 nescio
1242 3775 1643 3865 quomodo,'
1678 3777 1883 3840 odill'e
1936 3776 2329 3858 plerumque
2386 3774 2489 3838 so-

946 3877 1081 3939 -leo
1122 3879 1428 3957 ‘jactatas
1487 3876 1614 3937 has
1680 3876 1983 3936 virorum
2070 3873 2488 3934 eruditorum

969 3971 1293 4047 schedaS,
1343 3973 1451 4034 seu
1502 3988 1739 4033 numos
1779 3967 2037 4054 spectes
2065 4013 2085 4043 ‚
2160 3967 2269 4029 l‘eu
2312 3987 2484 4029 mar-

976 4086 1192 4129 mora.
1246 4067 1562 4127 Proditus
1594 4067 1754 4126 item
1806 4062 1893 4127 est
1960 4063 2147 4126 urbis'
2194 4065 2491 4125 incertae

971 4163 1148 4228 alter
1198 4158 1549 4235 Graecus,
1599 4161 1670 4221 in
1719 4163 1900 4241 cujus
1956 4159 2193 4223 aversa
2227 4157 2492 4260 estfa-

1054 4428 1112 4491 α)
1152 4422 1419 4494 Vopiscus
1457 4440 1501 4475 c.
1538 4435 1627 4481 4¹.
1914 4421 1976 4482 b)
2018 4425 2164 4478 Frat.
2204 4440 2319 4473 arv.

980 4496 1038 4557 d)
1078 4498 1134 4545 in
1178 4493 1454 4544 Aurelian.
1493 4508 1540 4552 ο,
1586 4508 1665 4553 17.

984 4567 1043 4635 g)
1083 4563 1220 4631 Pag,
1259 4573 1375 4625 274.
1568 4559 1629 4628 h)
1670 4559 1812 4630 Cap.
1844 4576 1940 4628 3⁰·

1820 4491 1872 4553 e)
1910 4491 2052 4543 Fufi.
2091 4490 2241 4545 conf.
2281 4432 2625 4545 adpan3¹18.⁷i’.
2663 4492 2737 4549 X.
2782 4498 2902 4557 ἀγι.

2132 4566 2173 4630 i)
2213 4558 2365 4651 Nota
2397 4560 2508 4618 111.
2539 4562 2600 4611 in
2634 4561 2825 4622 Aurei.

2073 505 2666 599 AVRELJA
2697 505 2769 581 N
2799 506 2972 583 VS.

2565 721 2689 792 put
2724 710 2956 771 uxoris
3003 706 3408 785 severinae,
3462 729 3659 792 quem
3706 714 3986 779 describam

2566 801 2749 866 infra
2786 806 2855 867 in
2904 804 3122 865 numis
3165 800 3357 881 huius
3405 807 3752 891 Augustae.
3824 812 3926 874 Sed
3953 826 3992 873 et

2565 899 2740 963 hunc
2779 899 2847 962 in
2891 900 3200 984 [inspectis
3258 901 3502 967 habeo.

2662 995 3106 1060 Alexandrini
3133 994 3651 1081 exstantcopioli
3690 1019 3820 1061 cum
3855 1004 3990 1065 annis

2568 1094 2626 1153 A
2678 1125 2778 1139 —-
2826 1112 2897 1170 ς,
3000 1092 3088 1154 de
3134 1093 3378 1175 quibus
3464 1105 3694 1180 agetur
3745 1117 3882 1158 mox
3927 1100 3989 1159 in-

2566 1184 2698 1250 fra.

2998 1381 3278 1473 Nomina
3322 1401 3397 1445 ac
3460 1381 3648 1446 tituli.

2673 1570 3004 1650 Valerius,
3065 1572 3470 1639 Valerianus:
3522 1574 3691 1636 Illud
3718 1575 3992 1639 Aureliano

2565 1668 2801 1730 tribuit
2823 1667 3148 1732 Claudius
3183 1676 3351 1754 Aug.
3392 1671 3461 1733 in
3507 1668 3807 1754 epistola,
3851 1690 3990 1752 quam

2565 1765 2807 1825 recitat
2872 1765 3218 1847 Vopiscus,
3254 1755 3319 1846 ⁸³)
3415 1768 3778 1847 Vtrumque
3840 1768 3992 1828 eidem
4107 1836 4108 1843 ἵ

2567 1858 2885 1920 tribuitur
2920 1862 2985 1922 in
3029 1860 3367 1923 nonnullis
3403 1859 3595 1924 fastis
3626 1907 3644 1936 ‚
3697 1875 3757 1923 et
3781 1880 3993 1923 marmo-

2567 1953 2754 2016 ribus
2781 2001 2799 2028 ,
2856 1969 2925 2017 ut
2961 1958 3189 2019 videre
3233 1955 3318 2017 est
3365 1959 3555 2040 apud
3598 1957 3985 2032 Relandum,‘)

2569 2062 2637 2112 et
2684 2051 3081 2115 Reinefium.
3121 2041 3165 2129 f)
3219 2052 3462 2115 Numis
3505 2052 3675 2115 haec
3732 2070 3846 2114 non
3884 2071 3989 2114 con-

2568 2143 2939 2209 firmantur.

2664 2241 2981 2306 Claudius.
3037 2242 3416 2305 Bandurius
3459 2242 3658 2306 binos
3679 2243 3989 2306 numoslau·

2566 2336 2686 2399 dat
2705 2338 3094 2423 inscriptos:
3148 2337 3558 2403 IMRCAE.
3599 2338 3728 2404 CL.
3748 2337 3988 2402 DOMIT.

2570 2444 2696 2496 etc.
2748 2436 2814 2513 ὅ)

2667 2528 3073 2594 Germanicus
3093 2531 3283 2594 Max.
3315 2529 3623 2599 Gothicus
3640 2532 3812 2599 Max.
3836 2522 3988 2592 Parth.

2565 2624 2797 2699 Max„
2851 2628 3011 2709 quin
3080 2639 3145 2688 et
3193 2625 3522 2692 Arabicus
3566 2630 3749 2710 Max.
3793 2627 3986 2705 Palmyr.

2568 2720 2759 2783 Max.
2790 2722 2986 2782 nobis
3006 2720 3296 2784 offerunt
3333 2742 3683 2787 marmora
3709 2723 3857 2808 apud
3875 2718 3986 2780 Gru-

2566 2826 2785 2877 terum
2829 2829 2897 2878 et
2927 2818 3422 2898 Muratorium,
3482 2819 3523 2881 fi
3579 2822 3806 2891 modo,
3858 2834 3987 2899 prae-

2569 2915 2792 2996 cipue,
2845 2932 3020 2996 quae
3038 2911 3435 2997 posteriores
3459 2917 3639 2979 duos
3673 2914 3871 2978 titulos
3886 2928 3987 2970 con·

2568 3010 2820 3083 tinent,
2876 3020 3099 3072 certae
3135 3009 3280 3071 l'unt
3309 3006 3496 3074 fidei.
3572 3012 3645 3074 In
3694 3010 3873 3073 nuruis
3909 3007 3987 3066 hn-

2567 3124 2714 3166 rum
2747 3103 2966 3167 nullus
3003 3107 3358 3188 reperitur.
3411 3106 3521 3168 De
3559 3109 3712 3170 aliis
3748 3109 3862 3188 ejus
3891 3102 3990 3162 titu-

2551 3200 2652 3263 lis
2691 3199 2847 3262 vide
2900 3189 3378 3287 Vopiscum.¹²)

2958 3393 3058 3460 De
3108 3398 3388 3459 terminis
3435 3396 3701 3480 imperii.

2670 3580 3045 3665 Scriptores
3099 3598 3365 3650 veteres
3439 3586 3796 3649 Aureliano
3844 3594 3992 3643 annos

2555 3679 2722 3759 -l'ex,
2777 3679 3077 3764 plerique
3110 3683 3228 3743 alii
3268 3686 3564 3767 quinque
3614 3703 3757 3745 oum
3789 3671 3989 3742 dimidio

2569 3776 2925 3860 permisere
2954 3822 2974 3852 ‚
3044 3798 3329 3860 quorum
3379 3777 3750 3842 testimonia
3789 3771 3991 3837 collecta

2571 3873 2731 3934 vide
2775 3873 2958 3955 apud
2997 3877 3508 3938 Tillemontium
3538 3920 3557 3949 ,
3594 3875 3651 3953 ἱ)
3702 3887 3762 3933 et
3797 3871 3991 3932 Mauo·

2573 3967 2826 4034 lenum.
2869 3961 2937 4045 ¹¹)
3011 3970 3282 4033 Certum
3329 3970 3455 4047 est,
3517 3975 3656 4050 jam
3713 3970 3879 4030 etiam
3913 3976 3994 4043 po·

2577 4061 2914 4127 steriorem
2974 4066 3255 4129 limitem
3341 4070 3654 4129 nimium-
3698 4054 3992 4145 exspatiari·

2573 4159 2754 4223 Nam
2800 4180 2951 4223 cum
3002 4166 3400 4227 Aurelianus
3440 4160 3803 4248 process'erit
3836 4144 3994 4217 coaul

2921 4330 3995 4372 Μ

2895 4426 2943 4488 c)
2984 4426 3152 4478 Tom.
3193 4428 3238 4483 1,
3280 4425 3395 4496 post
3434 4442 3555 4495 pag.
3583 4438 3684 4493 544
3715 4426 3766 4472 in
3801 4402 3985 4469 Addend·

3069 4496 3112 4551 f)
3152 4495 3376 4563 syntag:
3413 4492 3645 4560 inscript,
3683 4492 3747 4547 Τ,
3779 4488 3817 4539 Ι.
3847 4502 3892 4554 p.
3915 4486 3994 4547 304«

3017 4562 3076 4627 k)
3115 4561 3186 4615 de
3223 4563 3346 4622 trib.
3382 4573 3497 4637 pot.
3533 4579 3592 4633 p,
3634 4573 3735 4629 ¹93·
