4242 5459
794 507 966 637 goe·

786 743 1093 827 ingentes
1138 748 1465 826 paternae
1508 734 1750 801 domus
1806 753 1973 823 opes
2033 734 2312 800 edendis

661 885 666 892 -
747 823 760 828 ’
783 835 1178 903 muneribus
1201 856 1235 898 c
1255 834 1708 919 Jmprobavit.
1761 834 2090 896 Maximis
2119 833 2186 895 in
2208 838 2310 894 ui·-

785 935 874 1000 be
911 930 1451 1019 magistratibuS,
1520 943 1589 994 et
1633 928 1920 1014 duplice·
1959 928 2311 992 consulatu

787 1028 1183 1117 perfunctus
1241 1027 1329 1089 ab
1399 1027 1791 1089 Alexandro
1859 1025 1928 1088 in
2003 1023 2307 1088 Africam

784 1115 1185 1212 proconsule
1216 1121 1437 1215 missus
1466 1119 1552 1186 est
1594 1122 1832 1184 addito
1875 1119 2017 1183 filio
2046 1122 2300 1205 legato.

787 1223 893 1287 Ea
933 1223 1004 1284 in
1049 1218 1411 1307 provincia
1456 1237 1608 1281 cum
1662 1218 1732 1280 in
1795 1219 2097 1280 omnium
2152 1217 2311 1279 ess'et

783 1316 1181 1395 amoribus,
1269 1327 1625 1397 utramque
1664 1311 2012 1377 fortunam
2073 1332 2307 1398 repen-

785 1416 934 1479 tino
971 1412 1125 1477 casu
1164 1426 1480 1504 expertus
1506 1407 1615 1474 est.
1666 1409 1935 1474 Etenim
1981 1409 2308 1472 Maximi·

782 1512 856 1576 ni
893 1509 1294 1597 quidamziu
1346 1504 1604 1571 Africa—
1639 1518 2084 1593 procurator,
2154 1524 2306 1574 cum

783 1603 1461 1694 ab·opulentioribus
1501 1603 1860 1689 pecuniam
1903 1601 2087 1680 omni
2123 1621 2307 1665 acer·

780 1703 1000 1768 bitate
1042 1715 1251 1785 atque
1280 1700 1536 1782 injuriis
1574 1701 1904 1784 exigeret,
1972 1720 2014 1763 a
2064 1698 2305 1761 nobili-

783 1800 912 1863 bus
951 1799 1217 1882 aliquot
1242 1794 1781 1860 adolescentibus
1807 1794 2304 1881 conspiratione

781 1894 975 1958 facta
1011 1893 1264 1958 occisus
1301 1889 1412 1956 cst.
1506 1890 1802 1956 Gravius
1857 1891 1989 1955 hoc
2039 1889 2305 1953 facinus

782 2011 939 2056 cum
982 1991 1177 2068 effet,
1229 2009 1436 2073 quam
1471 2001 1544 2052 ut
1575 2007 1620 2050 a
1655 1989 2065 2061 Maximino,
2118 1990 2305 2069 cujus

777 2088 1042 2153 satelles
1077 2086 1476 2176 petebatur,
1528 2085 1730 2146 venia
1755 2085 2028 2168 dignum
2068 2082 2310 2147 haberi

778 2184 1037 2271 posset,
1108 2183 1430 2246 continuo
1495 2182 1587 2245 ad
1641 2178 2107 2257 Gordianum,
2192 2181 2305 2265 qui

776 2282 1037 2365 Tysdri
1070 2291 1213 2345 tum
1262 2276 1536 2364 agebat,
1589 2277 1961 2356 advolant,
2016 2298 2304 2360 eumque

775 2378 1261 2452 reluctantem,
1358 2385 1426 2437 et
1502 2374 1983 2459 octogesimum
2054 2375 2301 2438 aetatis

776 2492 1028 2537 anuum
1066 2483 1572 2557 praetexentem
1640 2491 1761 2555 per
1811 2473 1951 2535 vim
2002 2490 2302 2555 purpura

773 2571 1143 2647 amiciunt,
1215 2580 1282 2632 et
1324 2588 1458 2632 una
1518 2586 1672 2632 cum
1721 2564 1862 2630 filio
1934 2564 2298 2651 Augustum

1708 526 2382 609 GORDIANI
2476 528 2539 605 Ι.
2643 525 2814 606 ET
2909 529 3006 606 Π.

2397 743 2725 819 accepta,
2797 731 3195 820 factumque
3249 732 3921 823 senatusconsultum,

2397 852 2532 916 quo
2573 831 2975 917 abrogatum
3030 845 3328 916 tyranno
3390 833 3799 920 imperium,
3856 853 3928 904 et

2395 939 2771 990 maturatus
2837 930 2904 990 in
2959 927 3195 992 Africa
3264 929 3483 993 honos
3556 929 3920 1001 Gordiano

2395 1024 2658 1107 utrique
2694 1024 3131 1088 confirmatus
3173 1023 3281 1091 est.
3338 1029 3425 1089 At
3464 1046 3601 1091 non
3645 1030 3762 1094 diu
3825 1032 3923 1100 su-

2394 1139 2631 1204 premo
2675 1120 2932 1183 honore
2969 1122 3224 1204 perfrui
3247 1122 3444 1186 novis
3486 1124 3790 1210 Augustis
3838 1128 3919 1191 li-

2394 1216 2551 1279 cuit.
2659 1215 2834 1279 Nam
2922 1216 3397 1304 Capellianus·
3439 1220 3923 1287 Mauretaniae

2391 1325 2798 1399 procurator
2838 1316 3049 1378 iratus
3082 1314 3433 1378 Gordiano
3463 1361 3483 1393 ,
3552 1321 3739 1401 quod
3775 1320 3917 1385 suc-

2391 1409 2712 1472 cessorem
2763 1409 2879 1473 sibi
2920 1411 3233 1489 miserat,
3287 1430 3440 1476 cum
3491 1433 3742 1500 magna
3788 1419 3918 1481 mi·

2388 1502 2581 1568 litum
2623 1526 2828 1571 manu
2868 1505 3348 1594 Carthaginem
3394 1510 3693 1578 advolat.
3744 1513 3915 1597 Qua

2388 1620 2460 1663 re
2499 1602 2735 1665 audita
2787 1602 3217 1684 Gordianus,
3270 1622 3423 1669 cum
3457 1606 3780 1690 imparem
3807 1609 3907 1673 se-

2390 1695 2450 1758 se
2504 1700 2712 1761 tantis
2771 1698 3120 1764 resistendo
3174 1703 3396 1787 copiis
3463 1703 3757 1784 videret,
3809 1717 3903 1769 ne

2388 1794 2737 1857 atrociora
2778 1796 2868 1860 ab
2906 1794 3091 1860 hoste
3125 1797 3506 1884 pateretur,
3556 1799 3803 1883 laqueo
3844 1802 3913 1865 se

2392 1887 2755 1973 suspendit,
2808 1892 2951 1979 ipso
2988 1885 3257 1979 qitoque
3304 1893 3444 1958 fflio
3492 1897 3559 1958 in
3591 1896 3913 1979 tumultu,

2391 1997 2460 2049 ct
2500 1988 2886 2071 promiscua
2948 1990 3373 2055 multitudine
3428 1992 3661 2068 caes0‚
3730 1994 3909 2080 post·

2392 2103 2636 2168 quam,
2690 2097 2763 2148 ut
2802 2085 3029 2173 colligi
3072 2085 3322 2171 potest,
3372 2088 3663 2153 mensem
3696 2111 3913 2153 unum

2390 2198 2472 2241 ac
2491 2179 2846 2244 dimidium
2886 2185 2954 2245 in
2978 2184 3394 2268 principatus
3423 2186 3716 2271 imagine
3736 2190 3909 2249 emi·

2387 2276 2688 2342 nuiffeut.
2743 2276 3105 2343 caesorum
3131 2278 3528 2345 desiderium
3554 2328 3573 2359 ,
3629 2301 3763 2367 qua
3786 2303 3911 2368 po·

2386 2374 2515 2436 tuit
2550 2376 2814 2438 ratione
2861 2375 3201 2461 mitigavit
3288 2376 3589 2464 senatus,
3653 2391 3913 2443 utrum-

2386 2487 2516 2551 que
2566 2471 2741 2531 inter
2779 2472 2978 2533 divos
3026 2472 3404 2538 referendo,

2483 2568 2677 2626 onr
2704 2565 2908 2632 Fabia
2961 2569 3609 2653 OrestiHa—Antonini
3662 2593 3913 2658 prone-

771 2667 1202 2751 proclamant
1239 2665 1505 2729 circiter
1542 2662 1736 2726 initio
1787 2663 2021 2725 Martii
2081 2666 2161 2723 V.
2216 2659 2294 2724 C.
2380 2659 2537 2743 ptis·
2580 2656 2642 2738 ²)
2697 2661 2854 2744 Ejus
2888 2667 3076 2727 numi
3111 2666 3362 2730 desunt.

767 2783 901 2844 99²
934 2809 955 2839 ‚
1007 2775 1080 2826 ut
1112 2761 1313 2845 supra
1357 2761 1428 2823 in
1492 2759 1880 2821 Maximino
1941 2754 2295 2820 verisimile

769 2858 938 2920 dixi.
988 2855 1093 2918 Ea
1130 2876 1239 2919 res
1280 2876 1417 2919 non
1456 2855 1666 2918 modo
1690 2853 1781 2917 ab
1810 2853 2127 2916 universa
2146 2872 2295 2937 pro·
2376 2851 2568 2938 lega,
2621 2855 2706 2917 de
2745 2874 2878 2937 quo
2922 2860 3258 2942 proxime.
3353 2863 3555 2927 Melia
3605 2863 3791 2954 Fatfi

2475 2755 2712 2820 Proles
2740 2780 2755 2820 ε
2816 2760 3179 2827 Gordianus
3201 2764 3302 2828 II.
3323 2764 3391 2827 in
3412 2766 3707 2850 imperio
3738 2785 3911 2831 con-

3795 2884 3915 2932 una

767 2952 1036 3027 vincia,
1089 2950 1200 3013 sed
1247 2948 1462 3014 statim
1506 2968 1548 3012 a
1596 2950 1822 3013 senatu
1856 2967 2128 3033 quoque
2153 2996 2172 3024 ,
2232 2961 2298 3011 et
2377 2961 2590 3034 nupta
2629 2952 2825 3015 Iunio
2866 2952 3090 3044 Balbo
3132 2956 3486 3022 consulari.
3512 2947 3580 3038 l’)

763 3047 1083 3113 universa
1117 3046 1285 3111 urbe
1343 3047 1508 3110 odio
1540 3046 1906 3110 Maximini
1952 3056 2297 3131 gratanter

1233 3235 1937 3308 GORDIAN‘VS
2029 3239 2138 3309 II.
2234 3239 2940 3312 AFRICANVS
3031 3247 3458 3316 FILIVS.

863 3431 1199 3502 Gordiani
1241 3434 1603 3520 superioris
1648 3455 1735 3496 ex
1767 3433 1987 3498 Fabia
2017 3431 2285 3498 Orestil·
2364 3433 2673 3501 Africam
2714 3438 2898 3501 mitro
2942 3440 3216 3503 additus
3252 3460 3376 3522 eo,
3431 3444 3663 3528 quoin
3688 3459 3895 3530 patre

756 3537 827 3599 la
867 3533 1067 3599 filius,
1154 3534 1313 3613 Ejus
1355 3531 1709 3595 liberalem
1749 3528 2088 3612 formam,
2128 3531 2281 3593 -lite-
2369 3533 2833 3617 exposuimus,
2890 3537 3095 3600 modo
3140 3538 3499 3624 imperium
3560 3539 3698 3623 ibi,
3764 3561 3892 3604 ne—

754 3652 984 3694 rarum
1039 3627 1291 3712 studia,
1344 3633 1411 3691 et
1472 3627 1907 3712 praeclaram
1982 3627 2323 3690 indolem'
2368 3649 2650 3714 cemque
2685 3632 2976 3716 reperit,
3029 3651 3181 3696 cum
3210 3655 3461 3699 annum
3495 3635 3901 3724 aget-etsex-

756 3725 1109 3789 collaudat
1182 3724 1653 3808 Capitolinus,
1725 3724 1836 3786 etii
1903 3725 2118 3788 vitam
2187 3727 2282 3788 ni·
2366 3737 2507 3789 tum
2548 3740 2618 3789 et
2664 3725 3271 3814 quadragesimum.
3305 3732 3369 3818 α)

756 3822 966 3886 mium
1037 3821 1447 3896 delicatam,
1529 3832 1596 3883 et
1661 3819 2014 3884 mulierum
2084 3832 2340 3886 amo·’

679 3953 692 3964 -
753 3928 1227 4001 resaecarpat,
1322 3926 1397 3977 nt
1463 3916 1582 3999 qui
1650 3937 1806 3982 cum
1879 3918 2277 3982 concubinis

755 4012 972 4078 XXII.

2467 3825 2655 3886 onr
2686 3826 2963 3889 incerta.

2462 3918 2674 3985 Filius
2726 3920 3093 3988 Gordianus
3134 3925 3275 3991 III.
3328 3920 3678 4006 Augustus.
3765 3935 3915 3998 At..

1084 4010 1560 4092 consuevisset,
1643 4011 1726 4078 [ic
1801 4025 1874 4077 ut
1944 4018 2275 4100 temporis
2360 4036 2494 4097 que
2537 4016 2663 4080 hos
2723 4030 2871 4080 tres.
2902 4016 3289 4086 Gordianos
3358 4021 3550 4083 novit
3606 4023 3915 4098 historia

752 4108 847 4173 sui
949 4110 1259 4172 Priamus
1350 4129 1472 4192 per
1554 4109 1921 4174 ludibrium
2018 4113 2271 4174 dicere⁴
2356 4132 2548 4190 vera,
2603 4115 2946 4197 numique,
2998 4117 3437 4199 quibusadeo
3465 4117 3696 4186 invitis
3721 4144 3911 4194 nou-

749 4216 877 4273 tur.

980 4201 1423 4290 Quaesturam
1465 4205 1576 4271 sub
1617 4206 1996 4293 Elagabalo
2025 4254 2045 4284 ,
2080 4227 2275 4291 prae-
2359 4207 2524 4271 nulli
2564 4210 2731 4272 olim
2791 4212 3161 4296 antiquarii
3212 4212 3531 4280 intrusere
3590 4218 3907 4289 Gordia-

752 4313 972 4368 turam
1001 4316 1064 4367 et
1105 4301 1524 4367 consulatum
1553 4303 1667 4367 sub
1704 4303 2097 4367 Alexandro
2141 4324 2274 4366 me·
2358 4325 2516 4367 num
2550 4308 2940 4394 quempiam
2971 4324 3283 4395 quartum
3307 4362 3326 4394 ,
3378 4308 3490 4377 sed
3524 4335 3727 4403 quem
3742 4322 3935 4401 jam.

750 4401 907 4464 ruit.
963 4400 1071 4465 Ab
1110 4400 1243 4464 hoc
1271 4399 1530 4490 legatus
1565 4403 1744 4486 patri
1778 4400 2161 4487 proconsuli
2208 4400 2274 4465 in
2357 4421 2557 4466 nemo
2597 4405 2664 4467 in
2709 4403 3073 4471 Caesarum
3130 4411 3509 4499 conlegium
3555 4415 3913 4486 admittit.

763 4538 3921 4575 ’.μ-Ἣ
4024 4547 4037 4562 Ψ

821 4614 885 4684 ι)
919 4612 1222 4687 Capitolia.
1260 4630 1306 4669 ο.
1349 4630 1430 4681 ¹7·
1621 4610 1686 4683 b)
1726 4612 2029 4687 capitolin,
2066 4628 2114 4667 e.
2153 4625 2207 4676 4.

2404 4573 2454 4684 ο).
2493 4613 2794 4686 Capitoliu-
2831 4633 2876 4669 ο.
2920 4634 3001 4687 ¹5·
