4242 5459
824 565 970 636 ω.
1955 488 2652 639 mmmm
2687 539 2860 617 vs.

817 737 920 813 H.
1120 740 1687 809 CONCORDIA.
1729 734 2393 803 AVGVSTORVM.
2447 737 2673 825 Capita
2715 741 2980 829 adversa
3019 742 3308 807 laureata
3360 743 3695 814 Valeriani
3728 756 3790 817 ct
3826 751 3982 819 Gal..

1109 840 1300 917 lieni,
1352 844 1421 903 in
1465 838 1619 904 AR.
1663 860 1742 902 m.
1790 857 1872 899 m.
1913 837 2061 898 item
2103 834 2254 904 AE.
2288 855 2371 898 m.
2421 855 2503 900 m.
2554 838 2617 904 1.
2664 850 2722 902 et
2763 841 2865 906 II.

816 930 873 1005 Ι.
1109 936 1454 1005 ΡΙΕΤΛε.
1495 930 2158 998 AvasTonM.
2207 929 2447 997 Eadem
2486 938 2702 1022 tapita
2741 940 2808 1000 in
2857 938 3009 1006 AR.
3050 945 3110 1000 et
3155 936 3307 1003 ΑΕ.
3344 962 3429 1004 m.
3467 963 3548 1005 m.
3604 942 3974 1030 (Baldini.)

1109 1035 1225 1097 nist
1270 1031 1450 1097 forte
1489 1033 1671 1100 numi
1716 1031 1798 1092 [ic
1836 1027 2132 1114 inscripti
2169 1028 2311 1091 sunt
2341 1032 2581 1119 ‚potius
2629 1032 3096 1110 Treboniani,
3170 1045 3245 1096 ut
3303 1057 3466 1105 mox
3511 1041 3580 1101 in
3621 1039 3972 1105 ADVEN-

1016 1132 1027 1139 '
1103 1131 1279 1194 Tvs
1316 1129 1852 1193 observabimus.

2370 1226 2400 1260 Ω

1110 1326 1459 1391 PIETAS.
1498 1275 2164 1387 Avas‘roavffi.
2205 1322 2354 1389 Duo
2435 1324 2587 1400 ria,
2641 1277 3019 1393 {metamus-
3046 1328 3274 1395 memes
3307 1332 3849 1417 cumfignissnis‚
3899 1336 3968 1397 in

1118 1426 1328 1509 capita
1368 1421 1626 1509 adversa
1660 1418 1968 1484 laureata.
2436 1420 2560 1485 imo
2596 1421 2719 1485 duo
2742 1422 3284 1512 captivisedentes.
3342 1426 3476 1490 ΑΕ.
3496 1448 3585 1490 m.
3605 1448 3696 1492 m.
3749 1428 3962 1507 (Bue-

783 1514 2352 1601 'ADVENTVS.AvasTORvM.Jmpp.du0
2429 1518 2688 1580 narroti
2732 1517 2989 1585 Oss'erv.
3031 1541 3099 1605 p.
3139 1523 3343 1609 329.)

815 1624 1088 1690 laureati
1116 1621 1345 1704 equites
1385 1615 1810 1701 pacificatoris
1851 1608 2074 1676 habitu
2093 1658 2111 1687 ‚
2156 1632 2348 1696 prae·
2565 1642 2572 1655 *
2722 1613 2969 1681 Similis
3015 1619 3293 1706 adversa.

813 1721 973 1787 cedit
1013 1718 1307 1784 Victoria
1340 1712 1408 1777 d.
1454 1714 1729 1777 lauream
1773 1694 2207 1791 praetendens,
2247 1712 2343 1793 se·
2430 1707 2942 1777 ADVENTVS.
2981 1712 3253 1781 AvGG.
3310 1714 3707 1802 Duoeqnihes
3725 1716 3956 1802 Augu·

815 1824 1097 1903 quantur
1130 1808 1355 1874 milites
1390 1806 1513 1873 duo
1536 1828 1670 1871 cum
1699 1802 1926 1892 aquilis
1949 1802 2342 1886 legionariis,
2406 1804 2498 1886 sti
2518 1850 2536 1879 ‚
2587 1808 2827 1892 reliqua
2857 1818 2931 1871 ut
2965 1809 3033 1872 in
3057 1812 3450 1892 praecedente
3475 1861 3492 1888 ‚
3526 1813 3641 1898 sed
3668 1814 3801 1900 suu
3843 1833 3954 1879 ca-

812 1928 971 1996 pone
1010 1909 1170 1975 alter
1204 1926 1337 1985 (um
1375 1905 1618 1969 vexiffo.
1668 1903 1811 1966 ΑΕ.
1868 1920 1956 1961 m.
2001 1920 2091 1968 m.
2136 1902 2343 1987 (Mus.
2418 1901 2638 1984 ptivis.
2696 1904 2837 1965 AE.
2872 1924 2962 1967 m.
3009 1925 3095 1970 m.
3143 1909 3350 1991 (Mus.
3388 1908 3599 1973 Pisani
3626 1909 3769 1970 tab.
3802 1908 3954 1991 68.)

813 2003 1123 2079 Albani.)
2525 1999 2600 2061 In
2633 2000 3042 2086 explicando
3108 2023 3314 2066 numo
3381 2006 3606 2090 priore
3666 2005 3952 2068 multum

913 2103 1019 2170 Cl.
1056 2105 1360 2166 Venutus
1394 2096 1599 2161 musei
1620 2093 1871 2159 Albani
1892 2095 2113 2159 editor
2148 2097 2216 2159 in
2244 2094 2345 2158 bi·-
2425 2091 2553 2158 sese
2611 2098 2797 2161 torfit
2835 2099 3123 2162 eximius
3191 2100 3724 2178 Buonarrotius,
3791 2102 3954 2165 dum

807 2202 913 2266 nis
954 2199 1059 2263 his
1107 2194 1447 2281 capitibus
1487 2193 1930 2257 Valerianum
1981 2205 2048 2255 et
2086 2189 2347 2256 Gallie-
2423 2191 2714 2277 denique
2759 2192 3122 2258 adfirmare
3159 2193 3219 2258 se
3246 2197 3424 2280 poss‘e
3462 2197 3791 2275 crederet,
3833 2216 3954 2262 ca·

806 2317 968 2363 num
1010 2293 1328 2383 agnoscit.
1436 2293 1691 2354 Verum
1749 2282 1992 2352 eadem
2056 2289 2337 2352 omnino
2421 2301 2543 2373 put
2572 2290 2828 2374 puerile
2870 2288 2995 2352 ess'e
3031 2291 3378 2369 Salonini,
3434 2293 3788 2357 adverfum
3843 2295 3954 2355 al-

807 2392 1046 2458 aversa
1100 2389 1188 2454 est
1236 2392 1303 2452 in
1355 2406 1561 2452 numo
1611 2398 1797 2450 certo
1860 2384 2334 2464 Treboniam,
2419 2397 2634 2449 terum
2662 2387 2873 2472 patris
2896 2384 3213 2464 Gallieni,
3270 2387 3725 2472 lignatumque
3765 2390 3945 2453 hunc

806 2508 1005 2574 quem
1041 2484 1344 2572 descripsi
1382 2488 1471 2550 ad
1507 2485 1593 2552 V.
1629 2481 1705 2547 G.
1760 2500 1937 2564 ¹005
1964 2530 1982 2557 ,
2034 2501 2173 2564 quo
2235 2482 2337 2545 lo·
2415 2500 2730 2559 numum,
2786 2484 3062 2566 quando
3105 2484 3510 2548 Valerianus
3541 2486 3608 2548 in
3646 2486 3944 2550 Rhaetia

808 2608 892 2650 co
934 2586 1114 2664 dixi,
1168 2603 1373 2668 quam
1422 2580 1490 2643 fit
1546 2576 1832 2643 arduum
1885 2576 2173 2640 definire
2222 2597 2333 2640 ca·
2416 2575 2843 2641 adclamatus
2895 2580 3275 2664 imperator
3338 2583 3629 2665 primum
3705 2582 3946 2645 urbem

802 2685 992 2769 pita,
1049 2682 1324 2763 quando
1398 2697 1483 2739 ea
1529 2695 1664 2740 non
1723 2675 1857 2737 suis
1916 2672 2328 2747 nomi-nibem,
2411 2671 2712 2736 intravit.
2767 2673 2883 2736 Sin
2924 2672 3130 2757 istud,
3182 2688 3317 2740 tres
3352 2680 3609 2761 equites
3630 2681 3844 2763 partis
3867 2700 3944 2741 a·

797 2780 910 2841 fed
945 2776 1374 2860 inscriptione
1391 2792 1571 2857 vaga
1608 2768 2172 2843 CONCORDIA,
2213 2767 2327 2830 vel
2411 2767 2644 2829 versae
2679 2781 2871 2849 erunt
2908 2772 3314 2837 Valerianus
3377 2774 3635 2852 senior,
3691 2774 3938 2838 Gallie-

798 2870 1148 2935 PIETAS.
1188 2867 1817 2931 AVGVSTORVM
1848 2873 2205 2945 notantur,
2261 2874 2328 2925 et
2415 2882 2536 2926 nus
2564 2910 2582 2939 ,
2638 2876 2703 2927 et
2745 2866 3129 2930 Saloninus.
3227 2873 3318 2933 At
3351 2870 3794 2934 Mazzolenus
3830 2890 3939 2933 ca·

799 2965 1109 3030 vultuum
1156 2963 1569 3024 lineamenta
1616 2963 1684 3024 in
1746 2961 1942 3037 hujus
1990 2961 2148 3021 aevi
2211 2979 2325 3020 nu·
2411 2972 2532 3042 put
2573 2963 2868 3043 juvenile
2909 2965 3095 3027 numi
3131 2964 3407 3028 alterius
3447 2967 3783 3030 Pisaniani
3821 2969 3938 3029 ad-

802 3062 944 3126 mis
982 3058 1139 3121 satis
1190 3056 1540 3142 ambigua,
1594 3055 1961 3143 praecipue
1996 3074 2148 3117 cum
2208 3074 2325 3119 eos
2413 3056 2563 3120 serit
2629 3058 2754 3122 ess'e
2808 3059 3158 3124 Valeriani
3220 3063 3543 3141 junioris,
3645 3064 3934 3126 alterum

798 3169 993 3222 aetas
1063 3154 1219 3218 rolit
1254 3201 1275 3230 ,
1349 3155 1568 3217 minus
1647 3152 2011 3216 commode
2062 3151 2329 3235 poss'unt
2412 3153 2774 3218 barbatum
2817 3155 3047 3221 fratris
3089 3156 3424 3232 Gallieni,
3489 3158 3773 3242 melius,
3825 3180 3932 3222 me

799 3253 1104 3319 discerni.
1156 3251 1430 3335 Ex⁹quo
1480 3249 1810 3334 sequitur,
1863 3248 1930 3310 in
1973 3268 2216 3311 numos
2253 3248 2325 3310 [i-
2404 3251 2670 3332 judice,
2724 3271 2874 3315 cum
2919 3254 3355 3318 Buonarroto
3404 3254 3801 3320 Saloninum
3835 3257 3936 3318 di·

797 3351 994 3415 miles
1046 3349 1256 3412 etiam
1312 3345 1757 3409 Treboniano
1811 3357 1879 3407 et
1958 3343 2325 3409 Volusiano
2408 3349 2625 3412 xiss'et.
2679 3347 2858 3412 Satis
2909 3369 2994 3412 ex
3055 3350 3159 3412 his
3219 3362 3553 3434 apparet,
3624 3371 3829 3432 quam
3864 3353 3933 3412 in

793 3451 900 3532 jus
950 3445 1076 3510 ess‘e
1126 3444 1329 3532 poll'e.
1396 3442 1585 3506 Nihil
1635 3441 1880 3505 decido
1910 3485 1930 3517 ,
2014 3462 2172 3504 nam
2229 3445 2324 3505 vi·
2409 3444 2605 3526 hujus
2651 3447 2911 3527 generis
2964 3447 3182 3508 numis
3229 3448 3460 3509 omnia
3509 3445 3624 3508 [int
3673 3450 3933 3511 incerta

797 3546 970 3619 deo,
1020 3545 1088 3607 in
1128 3542 1345 3607 numis
1378 3537 1892 3622 frequentibus,
1941 3540 2052 3622 qui
2099 3542 2325 3622 potio·
2412 3556 2477 3603 et
2515 3540 2933 3604 fluctuantia.
2987 3541 3212 3626 Caput
3252 3540 3370 3603 filii
3409 3556 3599 3624 parte
3620 3544 3928 3619 dextera,

761 3658 879 3717 ,ra
916 3639 1173 3701 habent
1226 3657 1351 3722 pro
1397 3637 1769 3700 Valeriano
1819 3633 2182 3718 suffragia,
2253 3634 2322 3697 fi·
2405 3637 2740 3702 nobiliore
2799 3639 2974 3701 adeo
3015 3638 3171 3701 loco
3222 3634 3646 3700 constitutum
3708 3640 3922 3725 legem

800 3732 1155 3796 millimam
1198 3735 1324 3797 ess‘e
1362 3723 1696 3798 a'versam.
2403 3735 2623 3819 arguit
2659 3722 2951 3809 novam,
3006 3747 3073 3796 et
3120 3733 3445 3819 superiori
3494 3730 3700 3797 aevo'
3741 3737 3928 3818 igno·

1370 3877 1400 3907 ,
1736 3879 1765 3907 ,
2401 3842 2571 3897 tam.
2665 3830 3084 3892 Monendum
3148 3830 3701 3893 Buonarrotiano
3761 3831 3932 3893 [imi-

1087 3920 2319 3990 CONCORDIA0AVGVSTORVM.
2357 3936 2362 3946 '
2399 3925 2534 3988 lem
2588 3930 2728 4006 jam
2782 3946 2867 3988 ex
2927 3925 3302 3989 Vaillantio
3342 3924 3466 3986 ell'e
3525 3929 3874 4009 cognitum
3911 3977 3932 4001 ,

1085 4018 1287 4101 Caput
1328 4017 1562 4100 puerile
1613 4017 1844 4082 nudum
1894 4038 1935 4084 a
1995 4020 2317 4098 dexteris,
2402 4022 2510 4084 sed
2555 4023 2670 4105 qui
2698 4042 2849 4083 eum
2886 4024 3148 4103 inique,
3203 4035 3277 4083 ut
3310 4022 3608 4097 videtur,
3667 4023 3930 4110 Philip-

1089 4114 1260 4196 eique
1291 4112 1608 4200 adversum
1628 4113 1805 4179 virile
1829 4111 2163 4181 barbatum
2188 4118 2319 4181 lau·
2403 4121 2507 4209 pis
2539 4118 2813 4192 tribuit,
2853 4115 2917 4198 ⁸)
2969 4132 3042 4179 ut
3094 4123 3233 4199 Jam
3289 4104 3353 4178 ia
3403 4116 3642 4180 horum
3693 4140 3938 4183 mone-

1083 4216 1350 4274 reatum.
2403 4227 2475 4275 ta
2514 4212 2889 4277 observavi.
2947 4215 3138 4277 Adeo
3174 4214 3301 4279 viri
3342 4214 3505 4274 artis
3527 4216 3791 4279 nostrae
3823 4239 3934 4302 pe-

801 4297 1318 4369 ADVENTVS.
1359 4299 1627 4366 AVGG.
1709 4306 1863 4373 Tres
1901 4308 2130 4389 equites
2174 4306 2320 4371 Au·
2403 4308 2696 4370 ritissimi
2753 4308 2816 4368 in
2863 4307 3328 4373 distribuendis
3379 4310 3504 4370 rite
3548 4313 3653 4376 his
3709 4316 3939 4377 nuruis

795 4403 959 4490 gusti
987 4392 1402 4486 pacificatoris
1445 4395 1704 4475 habitu,
1750 4402 2065 4487 praecedit
2106 4401 2178 4468 V
2172 4407 2320 4466 icto·
2404 4402 2771 4495 diffensefe.

803 4523 3930 4565 α,-..-------------------------------------------ι,----.-.-----.-....-.--...---.----...

862 4613 929 4675 a)
970 4609 1137 4668 Num.
1172 4605 1366 4680 praefi.
1406 4624 1459 4677 p.
1506 4615 1618 4671 ¹87-
1659 4605 1746 4658 od.
1786 4605 1948 4658 Rom.
