4242 5459
876 604 1017 670 224
2046 574 2840 675 PLAvTILLA.
3808 570 3847 598 ‘

2169 876 2304 943 PR
2325 878 2389 941 Ε
2407 878 2466 943 T
2479 877 2522 943 I
2539 876 2612 944 V
2625 877 2723 943 M.

888 982 1225 1050 commatis
1271 975 1579 1044 Romani.-

943 1070 952 1077 ’
1077 1077 1282 1142 Aurei
3609 1076 3694 1140 R,

1075 1169 1396 1255 Argentei
3607 1170 3683 1234 c,

1073 1268 1283 1331 Aenei
1336 1280 1521 1345 max.
1574 1265 1760 1328 mod.
3595 1267 3743 1331 ΒΗ,

1070 1364 1281 1426 Aenei
1323 1362 1373 1426 1.
1429 1372 1496 1423 et
1527 1359 1618 1424 11'.
1658 1358 1925 1424 formae
3616 1361 3695 1426 C,

1071 1460 1284 1522 Aenei
1335 1454 1455 1520 ΙΙΙ.
1505 1454 1773 1521 formae
2481 1492 2515 1509 .-
3610 1459 3707 1523 O.-

881 1560 1213 1631 Commate's
1251 1555 1575 1642 peregrini
1602 1577 1626 1618 .·
2123 1632 2128 1636 .

1069 1652 1393 1740 Argentei
1421 1650 1687 1712 urbium
1736 1648 2102 1713 liberarum
3385 1690 3425 1748 ,⁸
3606 1651 3687 1716 R,

1070 1750 1284 1816 Aenei
1336 1746 1643 1829 urbium,
1695 1758 1762 1810 et
1795 1745 2217 1809 coloniarum
3381 1784 3415 1801 -
3612 1745 3691 1811 C.

1067 1843 1512 1911 Alexandrini
3380 1881 3406 1895 -
3600 1842 3811 1909 ΗΚΒ,

1813 2130 2264 2199 FVLVIA
2375 2124 3094 2199 PLAVTJLLA.

969 2331 1218 2397 Fulvia
1247 2324 1573 2392 Plautina
1605 2325 1824 2389 minus
1869 2324 1999 2388 ruis
2031 2336 2153 2389 aut
2180 2326 2395 2390 virtu-

872 2432 1102 2506 tibus,
1149 2438 1268 2491 aut
1309 2425 1531 2500 vitiis,
1603 2442 1808 2510 quam
1883 2421 1997 2484 suo
2044 2423 2397 2508 patrisque

876 2529 1087 2591 exitio
1112 2525 1410 2609 cognita.
1462 2520 1626 2582 Erat
1646 2519 1759 2581 hic
1780 2518 2176 2581 Plautianus
2201 2538 2394 2602 prae-

871 2624 1094 2687 fectus
1123 2618 1494 2706 praetorio‚
1530 2616 1805 2677 natione
1836 2611 2025 2689 Afer,
2089 2615 2157 2679 in
2193 2632 2392 2692 quem

874 2722 1017 2784 tam
1052 2713 1351 2799 impenso
1393 2708 1669 2774 adfectu
1699 2704 2046 2769 ferebatur
2078 2708 2391 2784 SeveruS,

876 2822 949 2876 ht
990 2822 1261 2896 praeter
1325 2806 1619 2870 collatos
1685 2803 1904 2864 omnis
1962 2803 2224 2887 generis
2270 2801 2386 2865 ho·

873 2916 1073 2972 nores
1108 2900 1438 2966 immensis
1484 2898 1689 2961 etiam
1740 2896 1985 2981 opibus
2043 2898 2391 2961 hominem

871 2998 1189 3065 obrueret
1222 3045 1240 3074 ‚
1293 2994 1462 3059 nihil
1502 2993 1766 3077 absque
1800 3010 1884 3084 eo
1916 3006 2175 3080 ageret,
2223 2994 2392 3057 nihil

863 3096 1127 3183 petenti
1160 3103 1473 3176 negaret,
1528 3103 1733 3173 atque
1766 3106 2034 3153 omnem
2072 3085 2222 3152 fere
2266 3111 2392 3174 po-

871 3193 1155 3257 tentiam
1217 3208 1260 3252 a
1309 3180 1372 3250 se
1425 3190 1492 3250 in
1563 3204 1715 3250 enm
1783 3198 1984 3250 nuum
2028 3184 2389 3251 conferret.

872 3290 1033 3372 Qua
1074 3278 1190 3350 ille
1251 3276 1569 3349 fortunae
1625 3278 2083 3370 magnitudine
2158 3281 2388 3347 ftolide

870 3385 1072 3449 ferox
1115 3381 1423 3448 involare
1470 3384 1538 3445 in
1590 3379 1776 3444 bona
1836 3380 2132 3458 civium,
2202 3382 2388 3445 viros

871 3480 1189 3558 illustreS,
1244 3479 1359 3565 qui
1408 3488 1687 3565 propter
1734 3477 2116 3540 claritatem
2176 3475 2389 3540 obsta·

872 3601 947 3644 re
997 3576 1109 3642 sibi
1160 3575 1604 3653 videbantur,
1643 3630 1648 3635 .
1685 3593 1723 3637 e
1799 3574 2025 3638 medio
2099 3573 2340 3637 tollere
2370 3621 2389 3652 ‚

867 3674 1249 3738 incredibili
1282 3673 1674 3757 arrogantia
1727 3669 1854 3732 sese
1901 3670 2099 3757 supra
2152 3690 2391 3733 omnes

874 3761 1149 3845 efferre,
1203 3766 1284 3831 sie
1317 3780 1390 3830 ut
1438 3787 1570 3829 non
1616 3765 1991 3844 dnbitaret,
2046 3767 2393 3830 Domnam

872 3866 1137 3951 ipsam,
1209 3877 1275 3926 et
1337 3862 1769 3926 caracallam
1819 3864 2109 3948 indignis
2168 3864 2392 3927 modis

870 3973 1190 4027 tractare.
1285 3958 1563 4022 Gloriae
1621 3955 1954 4043 fastigium
2039 3959 2392 4023 adsecutus

876 4055 1284 4134 videbatur,
1340 4075 1490 4118 eum
1517 4054 1804 4118 Severus
1839 4058 1922 4117 V.
1967 4053 2043 4117 C.
2083 4075 2220 4139 955
2254 4060 2392 4134 ejus

871 4152 1084 4216 filiam
1124 4152 1551 4227 Flammam,
1606 4151 1687 4213 de
1724 4170 1858 4232 qua
1899 4151 2163 4235 agimus
2195 4199 2214 4229 ,
2268 4151 2394 4216 Ca·

870 4249 1172 4312 racallae
1221 4245 1363 4309 filio
1397 4266 1678 4311 uxorem
1743 4247 1968 4329 dedit,
2039 4266 2175 4328 quo
2231 4261 2393 4311 tem-

775 4412 779 4417 ,
873 4364 1043 4430 pore
1089 4355 1351 4405 tantum
1394 4358 1585 4427 pater
1634 4342 1966 4425 pretiosae
2021 4342 2394 4426 supellecti-

873 4441 957 4504 lia
997 4439 1270 4525 sponsae
1309 4439 1491 4503 filiae
1525 4440 1870 4523 erogavit,
1924 4452 2252 4521 quantum
2303 4452 2396 4503 te·

847 4692 862 4706 .
942 4652 1004 4716 a)
1039 4650 1104 4703 Ι..
1141 4649 1409 4703 LXXVI.
1444 4648 1473 4718 ς
1516 4668 1562 4705 ι.
1735 4645 1794 4717 b)
1833 4646 1972 4719 Pax.
2006 4651 2094 4712 46.
2130 4669 2183 4722 9·

2474 2323 2565 2389 ste
2611 2325 2881 2403 Dione,
2931 2324 3045 2409 qui
3090 2323 3264 2387 haec
3299 2324 3546 2387 omnia
3606 2340 3845 2389 eoram
3890 2327 3992 2389 vi-

2472 2423 2615 2507 dit,
2664 2422 2912 2507 reginis
2948 2421 3440 2506 quinquaginta
3474 2421 3630 2483 satis
3668 2418 3993 2496 fuiss’et.⁸)

2475 2520 2725 2582 Verum
2764 2528 2960 2580 tanta
2990 2517 3161 2580 haee
3204 2515 3501 2579 felioitas
3542 2536 3786 2581 aevum
3850 2534 3996 2580 non

2470 2613 2645 2677 tulit.
2698 2613 2875 2675 Nam
2908 2623 3263 2697 comperto
3315 2608 3723 2678 caracallae
3754 2613 3995 2697 iniquo

2471 2708 2827 2775 adversum
2884 2708 2988 2784 se,
3030 2720 3107 2771 .et
3151 2707 3364 2771 filiam
3432 2710 3664 2773 animo
3692 2757 3710 2786 ‚
3779 2729 3991 2793 quam

2470 2803 2722 2866 invitus
2757 2804 3074 2881 duxerat,
3127 2816 3193 2867 et
3220 2804 3401 2867 male
3426 2802 3545 2866 fibi
3579 2806 3671 2869 ab
3691 2805 3822 2869 hoe
3844 2802 3997 2890 post

2470 2899 2705 2962 Severi
2743 2898 3008 2962 obitum
3051 2910 3351 2963 metuens
3394 2901 3767 2985 perniciosa
3813 2903 3881 2963 in
3914 2921 3995 2963 u-

2466 3008 2785 3083 trumque
2801 2992 3161 3082 Angustum
3194 2998 3423 3081 coepit
3448 2997 3672 3060 moliri
3689 2994 3995 3076 consilia,

2470 3091 2514 3154 si
2551 3092 2949 3157 Herodiano
2986 3094 3364 3170 credimuS,
3416 3103 3533 3157 aut
3566 3094 3636 3155 in
3672 3092 4000 3178 suspicio-

2470 3208 2623 3251 nem
2667 3207 2712 3252 a
2744 3186 3117 3252 'Caracalla
3152 3187 3241 3251 est
3278 3189 3611 3253 adductus
3633 3236 3659 3267 ‚
3723 3200 3794 3251 ut
3832 3209 4001 3274 pro·

2470 3286 2572 3347 dit
2602 3285 2764 3347 Dio.
2816 3288 3120 3349 Vocatus
3159 3285 3361 3370 igitur
3389 3285 3457 3347 in
3487 3285 3819 3370 palatium
3850 3287 4005 3351 hoc

2462 3381 2784 3464 jubente,
2837 3390 3054 3464 neque
3090 3380 3504 3465 impediente
3540 3380 3794 3446 Severo
3829 3401 4005 3447 con-

2466 3476 2677 3541 fossus
2728 3476 2817 3540 est
2855 3478 2937 3544 V.
2984 3476 3061 3540 C.
3111 3480 3274 3559 956.
3364 3475 3469 3539 Est
3518 3479 3699 3562 apud
3749 3476 4004 3543 Grute-

2469 3590 2615 3636 rum
2658 3592 2960 3636 marmor
2995 3559 3369 3653 illustrezb)
3412 3574 4008 3641 ‚HERCVLLIN-

2469 3669 2781 3735 VICTO.
2812 3670 2960 3732 ET.
3007 3669 3298 3732 Dlssvs.
3350 3670 3779 3734 OMNthS.
3828 3671 4012 3735 DE..

2467 3765 2795 3847 ABVSQ.
2829 3764 3223 3830 SACRVM.
3260 3765 3462 3831 PRO.
3527 3765 4007 3844 SALVTEM,

2474 3864 2661 3929 IMP.
2713 3860 2790 3923 L.
2831 3861 3078 3925 SEPT.
3119 3860 3467 3931 SEVERI.
3501 3862 3644 3929 ET.
3700 3866 3797 3928 M.
3834 3869 4014 3932 AV-

2474 3957 2776 4022 RELIO.
2814 3957 3217 4022 CAESARI.
3252 3955 3459 4022 AVG.
3497 3957 3639 4023 NN.
3676 3960 3819 4025 ET.
3868 3962 4021 4047 (se-

2479 4067 2770 4138 quuntur
2808 4054 2997 4117 erasa
3026 4054 3159 4114 tria
3189 4054 3525 4117 Plautiani
3574 4057 3899 4143 nomina)
3926 4058 4018 4129 C,

2476 4155 2563 4218 V.
2604 4151 2741 4213 PR.
2774 4152 2905 4215 PR.
2971 4151 3075 4212 Ex
3117 4170 3251 4232 quo
3290 4148 3639 4213 manifeste
3682 4152 4021 4239 colligaS,

2475 4247 2822 4310 hominem
2854 4249 3313 4332 impotentem'
3334 4245 3610 4331 publico
3647 4251 3816 4312 odio
3848 4270 4029 4334 per-

2473 4345 2631 4406 inde
2705 4342 3013 4428 flagrasl'e
3042 4391 3060 4421 ‚
3131 4356 3334 4425 atque
3393 4341 3558 4405 olim
3635 4344 3971 4425 Seianum
3998 4398 4033 4427 ,

2473 4459 2623 4503 oum
2667 4438 2809 4523 post
2844 4461 3079 4503 eorum
3138 4441 3404 4502 ruinam
3460 4457 3544 4500 ne
3606 4441 4033 4508 nominibus
