4242 5459
1388 556 2303 665 AVRELIAN‘VS.

798 789 803 793 ·
862 806 869 811 -
1035 784 1069 823 u

858 842 890 874 ἢ

600 886 693 953 Vt
736 888 830 951 lit.
864 887 929 952 C.

308 982 567 1048 CONS.
624 982 912 1047 PRINC.
969 980 1173 1045 AVG.
1247 980 1609 1063 Imperator
1650 980 1831 1066 stans

303 1082 626 1144 dexteram
659 1090 918 1163 tropaeo
947 1079 1256 1164 adplicat,
1291 1076 1347 1164 s.
1381 1075 1632 1164 hissam.
1682 1078 1828 1142 AR.

303 1174 595 1261 (Band.)

403 1274 702 1334 Aversae
774 1271 1147 1354 epigraphe
1229 1269 1560 1346 insolens,
1644 1269 1830 1345 cujus

303 1366 550 1429 sensum
598 1369 762 1430 mihi
801 1369 1103 1451 ignotum
1152 1366 1526 1450 profiteor,
1596 1375 1662 1424 et
1714 1361 1830 1423 ab·

305 1460 510 1525 flineo
579 1466 998 1544 conjecturis,
1069 1464 1225 1541 Ejus
1274 1463 1476 1523 etiam
1520 1459 1828 1541 explica-

305 1571 446 1620 tum
508 1560 708 1620 nobis
746 1560 989 1620 invidit
1026 1576 1277 1644 praeco
1322 1557 1729 1618 BanduriuS.

607 1655 700 1720 Vt
748 1655 838 1717 lit.
901 1654 990 1716 A.

301 1747 608 1813 DACIA.
659 1748 944 1809 FELIX.
998 1748 1235 1813 Mulier
1263 1748 1449 1832 flans
1500 1742 1561 1808 d.
1596 1742 1861 1833 hastam‘

300 1846 707 2029 ἒῇηἰΐςαρὶτε
750 1846 1122 1932 praefixam.
1197 1845 1339 1909 ΛΕ.
1408 1841 1532 1905 111.
1614 1841 1822 1916 (Mus.

361 1962 442 2002 ae
474 1990 487 2002 .

397 2035 696 2097 Similem
739 2034 1002 2097 Daciae
1040 2048 1278 2116 typum
1320 2036 1455 2110 jam
1488 2033 1551 2092 in
1597 2049 1823 2092 mone·
1864 2042 1875 2055 “

3290 604 3426 684 4ἐτ

1913 789 2415 852 Pannoniarum
2462 774 2600 869 j'am
2638 787 3000 851 meminere
3027 794 3220 856 numi
3256 783 3437 865 Aelii⁴

1917 884 2225 948 Caesaris
2268 895 2333 946 et
2374 884 2592 948 Decii.
2644 887 2893 947 Verum
2933 897 2999 949 et
3038 887 3171 953 hac
3205 906 3438 960 aetate

1918 983 1983 1044 in
2028 981 2395 1043 Pannoniis
2445 998 2693 1064 magna
2728 1001 2890 1065 pars
2938 986 3283 1065 potentiae
3302 992 3436 1055 Ro·

1919 1095 2164 1139 manae
2210 1074 2327 1137 lita
2371 1074 2519 1139 fuit.
2569 1078 2721 1139 Non
2775 1078 2988 1140 multo
3027 1078 3174 1164 post
3226 1090 3437 1151 Aure-

1916 1171 2080 1235 liani
2155 1173 2512 1254 imperium
2598 1172 2773 1234 dixit
2835 1176 3284 1243 Mamertinus
3348 1186 3438 1246 ad

1919 1270 2419 1330 Maximianum
2483 1267 2929 1331 Herculeum:
2982 1275 3037 1348 ³)
3114 1274 3444 1360 Quis-mim

1919 1366 2164 1428 dubitat
2186 1411 2203 1438 ‚
2257 1366 2410 1448 quin
2441 1364 2651 1427 multis
2668 1364 2812 1446 jam
2826 1366 3090 1448 saeculis
3112 1416 3131 1444 ,
3202 1393 3282 1437 ex
3322 1396 3442 1460 quo

1914 1463 2083 1524 vires
2112 1462 2273 1523 illius
2317 1461 2771 1540 (Pannoniae)
2826 1463 2913 1525 ad
2942 1462 3290 1532 Romanum
3329 1492 3447 1535 no-

1914 1576 2048 1620 men
2086 1553 2465 1643 acceffeaeint,
2516 1555 2718 1620 Italia
2757 1560 2999 1641 quidem
3042 1561 3129 1647 fit
3155 1570 3448 1646 gentium

1912 1653 2167 1714 domina
2232 1651 2484 1733 gloriae
2544 1652 2837 1736 vetustate
2858 1701 2878 1732 ,
2924 1657 3042 1743 sed
3105 1659 3445 1728 Pannonia

1906 1747 2195 1811 virtute?
3441 1774 3450 1785 ·

2147 1912 2152 1923 ,
2211 1843 2278 1908 V
2277 1853 2304 1907 t
2335 1843 2426 1907 tit.
2474 1846 2575 1921 G.
3104 1921 3116 1927 ⁵

1910 1940 1984 2004 Ρ.
2024 1940 2125 2005 Μ.
2157 1940 2305 2002 TR.
2350 1941 2424 2001 P.
2471 1939 2665 2005 COS.
2695 1942 2769 2005 P.
2819 1944 2899 2007 P.
2940 1946 3065 2010 Leo
3102 1953 3301 2033 capite
3336 1973 3442 2018 ra·

1909 2034 2085 2113 diqu
2139 2038 2206 2099 fn
2257 2034 2401 2096 aliis
2446 2037 2755 2116 gradiens
2776 2083 2795 2114 ,
2861 2044 2927 2102 in
2981 2045 3129 2106 aliis
3191 2068 3446 2113 currens

300 2147 372 2194 ta
410 2132 610 2193 Decii
642 2130 977 2205 vidimus,
1056 2131 1232 2191 unde
1291 2126 1821 2210 explicationem
1895 2126 2139 2212 fulmen
2174 2147 2280 2190 ore
2321 2130 2537 2220 gestat.
2593 2132 2739 2194 AV.
2795 2134 2998 2215 (Mus.
3046 2137 3271 2220 Caes.)

301 2241 477 2313 pete.
559 2226 763 2307 Quod
810 2227 897 2287 ad
946 2225 1258 2310 praesens
1304 2242 1548 2284 aevum
1608 2221 1820 2306 perti-

302 2337 452 2400 net,
519 2319 772 2384 conssat
815 2341 895 2382 ex
956 2323 1312 2404 Eutropio·
1358 2330 1424 2380 et
1484 2316 1823 2400 VopiscO,

301 2421 740 2482 Aurelianum
805 2418 1070 2497 abJecta
1115 2415 1243 2501 -spe
1309 2416 1579 2476 retineri
1642 2413 1823 2497 posse

299 2517 636 2589 Daciam,
690 2511 934 2575 Gothis
987 2526 1191 2576 aucto
1245 2513 1449 2575 etiam
1514 2529 1633 2594 per
1689 2508 1822 2571 cla-

303 2615 421 2674 des
462 2628 740 2673 nurnero
794 2610 1325 2685 incursantibus,
1379 2608 1625 2669 milites
1666 2605 1821 2666 inde

298 2707 692 2788 incolasque
727 2708 946 2768 omnis
978 2706 1168 2768 sexus
1211 2719 1277 2767 et
1323 2707 1570 2765 aetatis
1602 2701 1820 2763 abdu-

299 2804 459 2867 xisse
491 2850 509 2879 ,
560 2803 819 2884 hosque
864 2804 959 2864 cis
1001 2802 1385 2863 Danubium
1432 2798 1679 2861 locass'e
1727 2798 1820 2859 di·

303 2898 589 2961 fiributis
644 2899 815 2959 inter
852 2900 1023 2959 duas
1083 2897 1378 2960 Moesias
1436 2896 1668 2978 agris,
1724 2905 1819 2955 at·

304 3012 431 3077 que
471 2996 711 3057 addita
760 2993 916 3057 huic
959 2995 1205 3056 tractui
1265 2992 1527 3054 Daciae
1587 2986 1818 3073 appel-

298 3091 573 3154 latione.

600 3187 694 3252 Vt
730 3185 823 3249 lit.
861 3191 943 3251 Β.
982 3196 1041 3249 et
1069 3185 1161 3249 A.

302 3283 650 3347 GENIVS.
690 3282 991 3346 ILLVR.
1048 3282 1283 3345 Genius
1298 3280 1484 3365 flans
1533 3280 1594 3343 d.
1645 3288 1818 3361 pate-

298 3402 476 3461 ram,
508 3379 565 3466 s
610 3381 1045 3461 cornucopiae,
1082 3379 1286 3462 juxta
1313 3379 1563 3465 fignum
1594 3377 1821 3437 milita·

2008 2223 2112 2284 De
2146 2222 2422 2284 aversae
2464 2225 2837 2310 epigraphe
2863 2248 3025 2292 mox
3058 2230 3256 2295 infra.
3295 2238 3439 2318 Ty-

1912 2319 1981 2403 pi
2038 2319 2561 2402 explicationem
2623 2333 2777 2403 pete
2836 2324 2923 2386 ex'
2980 2346 3189 2392 numo
3244 2329 3438 2395 fimili

1914 2413 2317 2477 Caracallae
2357 2417 2440 2478 V.
2477 2414 2552 2477 C.
2598 2418 2762 2497 967.

2210 2510 2302 2575 Vt
2338 2511 2428 2574 tit.
2458 2512 2548 2577 A.
3261 2590 3270 2597 ,

1903 2609 1977 2672 Ρ.
2017 2608 2108 2668 Μ.
2146 2607 2294 2677 ΤΒ,
2347 2608 2417 2672 P.
2449 2610 2520 2671 P.
2562 2609 2635 2670 P.
2684 2606 2875 2674 COS.
2932 2613 3265 2700 Neptunus
3290 2620 3437 2686 dex·

1906 2714 2009 2768 tro
2041 2706 2194 2787 pede
2225 2708 2370 2785 rupi
2407 2705 2667 2792 insistens
2695 2705 2758 2768 d.
2795 2706 3141 2792 delphinum
3170 2761 3189 2792 ‚
3219 2716 3282 2800 s.
3322 2720 3438 2780 tri.

1905 2802 2158 2865 dentem.
2213 2799 2350 2862 AE.
2397 2802 2515 2863 111.
2568 2801 2773 2883 (Mus.
2825 2802 3049 2889 Caes.)

2206 2892 2298 2958 Vt
2323 2896 2419 2962 lit.
2466 2897 2532 2961 C.

1902 2994 1973 3058 P.
2019 2992 2112 3053 M.
2152 2990 2299 3053 TR.
2357 2994 2428 3056 P.
2489 2991 2603 3055 vl.
2656 2992 2848 3059 Cos,
2909 2997 2991 3062 11.
3055 3000 3123 3064 Ρ.
3167 3003 3238 3067 Ρ.
3317 3004 3448 3070 Sat

1879 3091 2063 3176 stans
2094 3087 2157 3150 d.
2202 3088 2403 3165 elata,
2437 3088 2497 3176 s.
2527 3088 2825 3172 globum,
2873 3117 2992 3176 pro
3024 3098 3292 3179 pedibus
3334 3122 3434 3166 ca-

1888 3184 2362 3271 ‘ptivussedenm
2417 3186 2565 3250 AV.
2620 3186 2911 3267 (Band.)

1903 3375 1980 3436 P.
2017 3374 2115 3438 M.
2148 3280 2301 3433 ‘riis
2338 3278 2430 3435 {⁸2²¹
2456 3278 2608 3434 gil.
2645 3370 2838 3442 cos,
2883 3378 2970 3443 11.
3010 3380 3082 3447 P.
3116 3383 3192 3453 P,
3247 3382 3442 3449 Mars

298 3497 388 3541 re.
491 3479 639 3540 AV.
681 3474 820 3536 ΑΕ.
871 3474 990 3535 111.
1046 3475 1300 3557 (Band.
1337 3471 1506 3534 Mus.
1540 3464 1774 3557 Caes.)
1898 3468 2211 3553 gradiens
2248 3467 2313 3531 d.
2349 3466 2579 3555 hastam
2604 3515 2623 3543 ‚
2659 3472 2715 3556 ſs
2740 3481 3061 3556 tropaeum
3091 3477 3284 3564 super
3320 3480 3441 3544 hu..

395 3573 698 3636 Similem
732 3589 1001 3653 quoque
1026 3570 1332 3632 aversam
1366 3568 1433 3630 in
1455 3566 1649 3630 Decii
1682 3581 1822 3628 mo·

300 3682 459 3731 neta
493 3670 813 3732 vidimuS.
865 3666 1267 3728 Aurelianus
1304 3668 1373 3728 in
1406 3663 1538 3725 hoc
1572 3673 1819 3738 tractu,

302 3781 368 3828 et
406 3766 495 3828 ab
540 3770 678 3846 ejus
736 3762 1119 3848 legionibus
1186 3764 1478 3846 primum
1552 3758 1819 3842 agnitus

298 3864 674 3944 imperator
704 3908 724 3938 ‚
778 3873 845 3922 et
884 3858 1090 3922 rebus
1128 3860 1192 3920 in
1219 3878 1300 3921 eo
1343 3877 1428 3919 ex
1455 3855 1662 3939 longo
1705 3874 1818 3937 ge-

300 3955 407 4019 stis
445 3955 710 4040 insignis
747 3957 941 4037 hujus
977 3956 1129 4042 typi
1177 3955 1442 4019 causam
1482 3949 1816 4038 praebuit.

600 4050 691 4116 Vt
726 4051 817 4113 lit.
854 4053 918 4116 C.

297 4146 847 4216 PANNONIAE.
903 4148 1139 4212 Mulier
1155 4149 1338 4234 stans
1366 4143 1426 4210 d.
1468 4152 1744 4220 extenta,
1763 4141 1821 4229 s

277 4248 527 4338 fignum
557 4245 846 4307 militare.
901 4244 1146 4323 (Band.
1182 4244 1351 4310 Mus.
1386 4241 1603 4319 Caes.)

350 4352 357 4359 ·
397 4340 499 4401 Ex
542 4340 753 4402 caulis
790 4337 1106 4400 similibus
1136 4339 1312 4400 lecta
1352 4339 1521 4402 haec
1557 4336 1813 4402 aversa.

362 4549 435 4610 a)
461 4546 664 4617 Paneg,
701 4544 777 4598 ad
816 4546 1154 4607 Maxinuan.
1191 4561 1238 4598 c·
1277 4561 1329 4601 2.

392 4623 580 4715 (Vnt.
628 4621 837 4707 711.)

1904 3586 2096 3630 mero.
2155 3568 2294 3629 AV.
2344 3563 2549 3648 (Mus.
2582 3563 2773 3629 Caes.
2813 3568 3075 3656 Band.)
3126 3573 3434 3639 Similem

1902 3663 2064 3724 item
2108 3680 2390 3726 aureum
2426 3660 2840 3743 citat-Ocno,
2876 3664 2983 3728 sed
3005 3668 3395 3756 inscriptum
3417 3696 3442 3737 τ

1906 3756 2095 3823 COS.
2140 3762 2251 3829 111.

1999 3855 2101 3916 En
2159 3871 2399 3943 numos
2483 3853 2831 3918 Aureliani
2907 3876 3141 3925 omnes
3223 3883 3440 3952 usque

1902 3951 2113 4013 modo
2168 3953 2477 4035 cognitos
2532 3952 2711 4014 notis
2777 3952 3278 4043 chronologicis
3338 3968 3440 4027 in-

1902 4045 2153 4131 signeS,
2205 4047 2313 4110 sed
2365 4067 2533 4130 quas
2574 4046 2942 4133 praestaret
2985 4056 3254 4138 prorsus
3312 4059 3434 4127 ab·

1902 4145 2078 4217 esse,
2131 4162 2291 4205 nam
2337 4156 2479 4206 tum
2556 4144 3072 4231 chronologiam
3132 4151 3244 4214 etsi
3298 4173 3437 4216 non

1768 4314 1774 4321 .
1895 4242 2250 4321 juvarent,
2300 4259 2434 4303 non
2489 4239 2840 4305 turbarent
2900 4256 3154 4310 tamen.
3255 4246 3440 4310 Sane

1901 4355 2036 4419 quo
2078 4356 2260 4399 anno
2294 4336 2543 4401 tribun.
2585 4336 2984 4422 potestatem
3035 4340 3145 4405 Vi.
3187 4340 3439 4425 inivit,

2851 4623 3044 4711 Ppe
