4242 5459
970 600 1113 670 430
1644 594 1653 603 ·
2173 572 2882 653 AELIAst.

933 798 1221 864 numm,
1271 796 1444 863 quos
1496 773 1806 863 proxime
1856 767 2140 839 Laeliani
2188 752 2464 840 nomine
2548 778 2750 861 quiae
2786 776 2963 863 ipsas
3014 774 3222 845 ctiam
3277 778 3690 865 conjecturae
3742 775 3988 852 difficiles

934 878 1298 944 dedimus?
1348 876 1544 939 Adeo
1575 870 1867 940 infelicis
1888 870 2084 956 hujus
2119 871 2279 937 aevi
2311 871 2462 935 reli·
2544 874 2855 941 reddunt.

1704 1148 1713 1154 ·
1822 1160 1904 1247 ρ.
2011 1157 2473 1229 VALENS
2567 1160 3209 1231 AELIANVS.

1028 1360 1254 1424 Video
1294 1354 1383 1423 ab
1420 1365 1701 1419 auctore
1743 1349 1950 1414 musei
1982 1348 2330 1438 Theupoli
2371 1354 2464 1417 ad
2543 1357 2738 1420 anius
2786 1356 3094 1442 Eutropii
3163 1356 3649 1445 metaphrastes
3699 1361 3980 1428 Aelianum

931 1461 1106 1526 haec
1149 1468 1465 1542 tempora
1506 1447 1822 1514 revocari
1877 1465 2158 1511 numum
2183 1449 2460 1534 sequen·
2543 1451 2753 1514 alium
2792 1453 3018 1530 dedit,
3072 1454 3188 1535 qui
3222 1453 3605 1538 imperante
3628 1456 3982 1523 Diocletiano

935 1571 1112 1621 tem·
1168 1549 1235 1636 ι)
2539 1547 2935 1611 seditionem
2972 1550 3041 1613 in
3100 1546 3326 1611 Gallia
3360 1555 3614 1629 movit,
3679 1573 3979 1637 quemque,

1220 1645 1415 1712 IMP.
1419 1642 1495 1707 C.
1502 1642 1584 1724 Q.
1590 1637 1965 1702 VALENS.
1977 1630 2455 1707 AELIANVS.
2541 1641 2653 1705 sed
2689 1664 2775 1706 ex
2810 1645 3029 1708 numis
3059 1643 3226 1721 suia,
3268 1643 3584 1711 Goltzius
3614 1648 3830 1714 Aulam
3848 1651 3978 1716 Pom·

1218 1746 1299 1809 P.
1344 1737 1555 1805 AVG.
1609 1737 1812 1821 Caput
1846 1731 2187 1801 barbatum
2229 1735 2452 1802 radia-
2530 1741 2785 1821 ponium
2824 1739 3159 1807 Aelianum
3195 1752 3455 1820 vocat,
3505 1744 3622 1807 sed
3657 1766 3793 1807 eum
3824 1744 3980 1829 ipsum

1221 1850 1378 1905 tum,
2535 1834 2902 1922 Eutropius
2939 1848 3149 1900 vocat
3177 1836 3660 1904 Aemilianum.
3721 1841 3980 1924 Equidem

925 1940 1148 2007 10V1.
1185 1932 1563 2001 CONSER.
1614 1924 1891 1994 AVGG.
1970 1930 2259 2015 Iuppiter
2275 1931 2453 2021 stam
2536 1941 2777 1993 auctor
2830 1931 3063 2008 effem,
3118 1953 3393 1995 numum
3443 1934 3624 1999 hunc
3678 1937 3742 1997 in
3777 1937 3976 1998 Diocle·

930 2038 995 2103 d.
1034 2036 1305 2117 fulmen,
1339 2030 1401 2118 s.
1440 2026 1709 2116 hastam,
1775 2028 1842 2089 in
1900 2029 2024 2091 imo
2090 2025 2159 2092 S.
2213 2026 2313 2093 M.
2369 2027 2447 2090 L.
2533 2027 2698 2089 tiani
2743 2040 3055 2111 tempora
3098 2028 3410 2113 differre,
3482 2049 3620 2116 quo
3680 2034 3973 2117 imperante

930 2134 1072 2200 ΛΕ,
1126 2131 1251 2196 111
2534 2135 2811 2186 moneta
2849 2126 2918 2185 in
2957 2122 3191 2188 infima
3235 2124 3329 2207 sui
3374 2138 3572 2207 parte
3618 2125 3900 2212 copiofius
3923 2126 3973 2187 li-

1026 2231 1182 2293 Hoc
1211 2242 1374 2308 ergo
1427 2219 1805 2285 testimonio
1861 2216 2196 2282 habemus
2241 2186 2451 2283 etiam
2532 2229 2717 2280 teras
2753 2219 3134 2295 solitariae,
3188 2238 3270 2283 ac
3326 2223 3603 2302 quidem
3658 2224 3839 2286 etiam
3871 2222 3975 2284 lite·

923 2326 1290 2392 Aelianum
1313 2318 1708 2383 aLaeliano
1733 2317 2034 2401 priorum
2062 2333 2447 2391 numorum,
2533 2332 2645 2375 ras
2681 2312 2750 2377 S.
2795 2316 2882 2377 M.
2927 2314 3005 2378 L.
3041 2316 3319 2401 recepit.
3413 2318 3789 2381 Trebellius
3820 2321 3872 2381 in
3899 2331 3976 2398 ty-

923 2437 998 2487 ut
1017 2416 1577 2485 indicantaddita
1597 2412 1735 2477 alia
1754 2429 2059 2488 nomina,
2078 2409 2435 2475 diversum.
2528 2410 2758 2473 tannis
2817 2410 3112 2476 Valente:
3170 2413 3344 2475 duos
3398 2426 3766 2490 memorat,
3826 2428 3974 2476 unum

922 2515 1281 2582 Diversum
1330 2513 1536 2575 etiam
1577 2509 1703 2573 ess'e
1755 2527 1801 2570 a
1852 2507 1927 2574 L.
1978 2502 2269 2568 Aeliano
2311 2506 2446 2569 Eu·
2529 2503 2862 2582 Achaiae,
2918 2506 3203 2570 alterum
3246 2507 3512 2592 Illyrici
3554 2522 3873 2595 tyrannos,
3896 2507 3973 2570 sed

923 2615 1171 2700 tropii,
1225 2616 1643 2696 praenomen
1685 2605 1905 2694 Quinti·
1940 2601 2220 2666 indicat.
2271 2601 2447 2665 Pae·
2526 2602 2956 2688 temporibus
2998 2601 3297 2669 diverlis.

1322 2899 1425 2964 M.
1522 2840 2311 2964 mmmmm
2412 2891 3155 2962 VICTORINVS
3243 2895 3645 2966 Par-ER.

1018 3090 1233 3154 Filius
1265 3088 1663 3152 victorinae
1700 3087 1813 3151 vel
1841 3086 2217 3162 Victoriae,
2270 3104 2447 3169 quae
2533 3083 2754 3148 versus
2793 3082 3182 3154 Gallienum
3226 3087 3408 3154 bello
3451 3111 3629 3177 opus
3661 3089 3819 3165 fuit,
3863 3101 3969 3148 con·
4103 3102 4104 3109 ¹

921 3201 1117 3253 tanta
1154 3186 1336 3272 apud
1375 3185 1656 3248 militem
1692 3181 1973 3248 valebat
2012 3182 2446 3257 auctoritate,
2526 3180 2701 3265 lega
2723 3181 3054 3262 adscitur,
3121 3199 3325 3270 atque
3390 3178 3562 3272 illo,
3634 3207 3782 3252 mox
3822 3181 3971 3244 etiam

916 3297 998 3348 ut
1030 3281 1367 3370 Augusta,
1437 3292 1507 3346 et
1561 3282 1786 3345 Mater
1834 3277 2203 3343 castrorum
2263 3277 2445 3339 dice·
2529 3275 2846 3340 Lolliano
2931 3281 3139 3346 caesis
3209 3281 3388 3345 folus
3489 3238 3879 3368 aliquamdiu
3922 3273 3970 3335 in

918 3393 1147 3459 retur,
1199 3398 1487 3462 cumque
1518 3361 1709 3464 ipsa
1691 3378 2049 3461 imperium
2077 3374 2268 3436 adire
2307 3391 2445 3434 non
2529 3370 2748 3436 Galiis
2785 3374 3189 3483 imperavit,
3243 3379 3405 3441 dum
3429 3380 3522 3442 ab
3555 3377 3858 3457 actuario,
3894 3387 3970 3433 cu·

920 3478 1174 3564 pofl‘et,
1227 3476 1422 3541 caeso
1454 3472 1597 3538 filio
1631 3473 1799 3536 illud
1833 3471 1906 3559 in
1951 3469 2275 3545 Marium,
2331 3468 2443 3530 de·
2521 3471 2629 3551 jus
2656 3472 2854 3534 uxori
2888 3471 3028 3533 vim
3066 3473 3352 3555 obtulit,
3407 3477 3812 3539 caederetur.
3852 3467 3968 3530 Eum

920 3575 1079 3636 inde
1131 3574 1448 3636 Tetricos
1508 3568 1928 3634 transferret.
1972 3555 2031 3645 ¹’)
2127 3564 2231 3627 Ad
2288 3582 2443 3626 eam
2526 3565 2911 3628 Trebellius
2982 3570 3337 3652 omnibus,
3410 3573 3530 3654 qni
3591 3563 3966 3657 praeceffere

856 3705 868 3717 -
921 3668 1359 3732 Mahudelius
1422 3665 1635 3730 refert
1710 3684 2013 3728 marmor
2100 3670 2444 3745 repertum
2524 3661 2946 3747 principibus
2982 3667 3234 3731 virtute
3275 3685 3358 3731 ac
3404 3668 3664 3731 meritis
3693 3663 3970 3745 comparat

923 3764 1109 3846 apud
1142 3764 1503 3851 Langones
1524 3810 1543 3840 ,
1597 3776 1664 3827 et
1718 3760 2150 3845 inscriptum:
2177 3758 2248 3837 θ)
2523 3757 2806 3841 dempta
2825 3757 3144 3845 libidine,
3197 3783 3331 3848 qua
3364 3774 3563 3827 tauta
3591 3761 3750 3837 fuit,
3797 3766 3967 3821 utom·

2523 3853 2711 3916 nium
2743 3855 3041 3937 judicio,
3094 3879 3271 3942 quae
3310 3859 3534 3945 pass'ua
3581 3859 3819 3930 fuerat,
3859 3862 3967 3933 1³1⁰·

1378 3955 1549 4019 ms,
1583 3949 1992 4019 MANIBVS
2527 3950 2806 4012 meritus
2865 3952 3234 4018 videretur.
3333 3956 3510 4019 Vide
3567 3956 3765 4018 etiam
3797 3946 3968 4013 Victo·

1142 4042 1223 4110 L.
1254 4049 1757 4116 VICTORIM.
1789 4045 2234 4111 VICTORIA
2525 4065 2707 4123 rem,
2739 4036 2805 4120 ἆ)
2859 4059 2927 4109 et
2967 4046 3391 4133 Eutropium.
3477 4092 3482 4097 -

967 4143 1391 4212 PIISSIMA.
1427 4143 2392 4231 VICTOR1N1.VXOR.etc.
2615 4142 2779 4224 Quo
2845 4162 3024 4208 anno
3080 4146 3384 4210 adiectus
3443 4166 3488 4209 a
3549 4144 3834 4210 Postumo
3885 4131 3970 4205 fit

2525 4256 2663 4300 non
2708 4237 2865 4300 satis
2907 4239 3228 4308 constat?
3287 4243 3748 4327 Brequignyus
3798 4237 3856 4299 id
3893 4226 3973 4290 fa·

1016 4343 1077 4399 A
1113 4335 1467 4413 Postumo,
1521 4332 1627 4396 cui
1654 4333 1966 4416 adjutore
2000 4335 2067 4397 in
2093 4333 2287 4439 gravi
2323 4328 2442 4394 a‘d-
2526 4345 2708 4396 ctum
2741 4335 3020 4417 coniicit
3076 4336 3161 4402 V.
3223 4334 3306 4405 C.
3369 4351 3548 4414 1018
3602 4338 3673 4401 P.
3731 4335 3808 4399 X.
3850 4326 3968 4407 265

917 4482 3979 4543 mma

915 4576 1057 4698 aa),
1090 4574 1223 4641 Pag.
1262 4583 1383 4639 273.
1564 4569 1626 4639 b)
1662 4564 1901 4623 Trebell.
1939 4571 1999 4622 in
2034 4550 2312 4623 Louiaiao.
2503 4572 2556 4637 e)
2597 4568 2726 4630 Hist.
2764 4568 2833 4636 B,
2884 4574 2952 4640 L,
2984 4576 3154 4639 Τοιιι,
3185 4577 3291 4632 lx.
3325 4594 3387 4649 p,
3427 4578 3540 4639 146,
3591 4550 3612 4561 ’
3709 4567 3765 4636 d)
3793 4570 3843 4619 in
3871 4558 3969 4613 Cae·
4097 4628 4098 4635 ἵ

978 4664 1000 4696 ¹·
1064 4683 1076 4697 ·
1115 4660 1161 4705 θ.
1183 4657 1286 4710 33.
2373 4674 2378 4679 ·
4097 4660 4098 4687 ;
