4242 5459
1083 536 1775 614 cLAvmvs
1879 487 2580 614 GOTHrCVS.

296 749 476 811 tute.
530 756 667 818 qua
702 736 1154 801 barbarorum
1174 692 1513 820 {rodigia
1552 735 1817 812 evertit,

294 834 651 903 memoriam
698 843 1014 899 aeternam
1099 831 1475 893 adsecutus.

583 928 834 995 DIVO.
914 925 1340 991 CLAVDIO.
1418 924 1812 1009 OPTIMO.

589 1022 779 1087 IMP.
824 1024 1024 1107 Caput
1053 1022 1399 1086 laureatum
1435 1029 1495 1083 et
1530 1021 1813 1084 velatum.

291 1117 704 1199 REQVIES.
746 1119 957 1197 OPT.
992 1118 1204 1180 MER.
1240 1115 1336 1179 vel
1363 1115 1813 1187 OPTIMOR.

293 1214 485 1276 MER
498 1213 613 1275 1T.
671 1215 1030 1297 Imperator
1063 1212 1302 1275 velatus
1330 1210 1549 1297 sedens
1590 1209 1649 1273 d.
1691 1211 1817 1273 ela-

292 1320 407 1382 ta,
441 1308 500 1392 s.
529 1307 860 1391 sceptrum.
915 1309 1051 1381 ΛΕ.
1091 1308 1213 1370 111.
1274 1307 1479 1389 (Mus.
1524 1303 1781 1386 Caes.)'

390 1403 581 1475 Haec
618 1409 779 1464 item
818 1403 1057 1467 aversa
1091 1421 1313 1464 novae
1344 1399 1611 1473 formae
1635 1444 1652 1475 ,
1705 1399 1814 1461 sed

293 1517 498 1579 quam
597 1499 1062 1561 Maximianus
1104 1544 1124 1575 ,
1236 1506 1303 1559 et
1396 1492 1816 1558 Constantius

294 1591 586 1655 Chlorus
623 1592 1120 1655 resuscitabunt.

584 1686 840 1752 DlVO.
880 1685 1312 1750 CLAVDIO.
1366 1682 1566 1766 Caput
1595 1684 1814 1748 radia·

580 1789 733 1843 tum.

288 1875 771 1955 AEQVITAS.
868 1873 1071 1939 AVG.
1171 1908 1271 1924 ·—-
1361 1871 1813 1937 APOLLINI.

289 1970 1114 2035 CONS.-LAET1TIA.
1142 1965 1816 2031 AVG.—L1BERT.

290 2064 499 2128 AVG.
532 2098 635 2113 -—
664 2066 869 2126 PAX.
897 2062 1106 2126 AVG.
1133 2060 1589 2150 -PIETAS
1609 2059 1816 2124 AVG.

289 2195 388 2209 —-
420 2159 980 2222 PROVIDENT.
1025 2154 1235 2221 AvG.
1291 2150 1575 2236 cumsuis
1628 2158 1815 2241 typis.

288 2254 432 2329 ΑΕ.
469 2255 586 2318 111.
640 2253 844 2338 (Mus.
883 2251 1071 2316 Caes.
1122 2249 1382 2332 Band.)

586 2520 589 2525 Ι
712 2441 1381 2530 Animadversio

291 2584 359 2646 in
397 2560 621 2645 nomos
664 2577 985 2644 Romanos
1026 2588 1357 2663 argenteos
1381 2573 1522 2641 mdc
1552 2594 1594 2640 a
1640 2571 1816 2640 Clau-

835 2675 941 2738 dio
953 2676 1264 2761 signatos.

386 2825 620 2891 Placet
667 2824 799 2888 huc
833 2824 1085 2891 referre
1107 2827 1437 2910 judicium
1497 2823 1821 2902 ledinii,

300 2922 483 3009 quod
522 2921 742 3006 legere
786 2918 873 2983 est
933 2924 1002 2984 in
1066 2926 1204 3002 ejus
1257 2920 1632 2987 Vaillantio
1686 2918 1820 2979 Ro·

296 3039 454 3087 mae
500 3015 842 3079 restituto:
882 3015 945 3100 ἔ)
1045 3019 1127 3082 In
1187 3016 1453 3083 Claudio
1518 3011 1818 3091 Gothico,

294 3117 397 3178 ait
428 3160 451 3190 ,
505 3110 774 3197 definiunt
821 3115 993 3175 numi
1041 3114 1330 3196 argentei
1374 3112 1821 3195 Augustorum.

301 3211 477 3296 Quos
505 3212 660 3270 enim
701 3208 1121 3293 mamogo-ophi
1158 3217 1226 3269 tn
1263 3208 1552 3289 catalogo
1583 3225 1818 3289 argen-

292 3315 533 3369 teorum
570 3301 866 3388 recensent
891 3349 909 3379 ,
944 3305 1098 3388 sunt
1133 3323 1214 3365 ex
1248 3322 1390 3364 aere
1412 3321 1577 3384 puro
1599 3298 1819 3383 super-

291 3400 545 3485 inducta
583 3400 750 3459 tenui
772 3400 1047 3480 pellicula
1064 3399 1281 3483 stanni
1305 3444 1325 3472 ,
1378 3394 1539 3459 unde
1588 3394 1823 3457 candor

266 3505 351 3571 „et
382 3492 676 3582 splendor
724 3495 1174 3575 conciliaretur.
1292 3491 1553 3578 Frzstra
1611 3493 1822 3573 itaque

290 3610 561 3676 quaeras
606 3609 648 3652 a
704 3588 753 3650 C
753 3588 960 3652 laudm
1004 3609 1193 3674 usque
1240 3588 1326 3652 ad
1366 3583 1820 3652 Diocletianum

290 3705 508 3750 numos
544 3706 619 3748 ex
643 3693 909 3768 argento
939 3686 1332 3769 quantumvis
1350 3683 1620 3765 impuro,
1663 3701 1815 3765 qua-

292 3782 379 3846 les
422 3781 770 3855 Gaaienus,
856 3780 1211 3870 Postumus,
1284 3787 1344 3842 et
1395 3775 1574 3839 modo
1628 3795 1819 3860 usque

289 3877 556 3959 recensu
576 3878 983 3959 imperatores
1018 3875 1336 3940 cuderunt.
1392 3870 1819 3938 Diocletianus

278 3989 516 4057 purum
556 3973 757 4051 postea
805 3980 1138 4057 argentum
1169 3968 1483 4035 revocavit
1507 4013 1527 4043 ,
1578 3969 1675 4029 ita
1707 3975 1813 4030 ta-

286 4084 466 4141 men,
514 4072 589 4126 ut
622 4066 873 4141 cudendi
916 4070 1102 4132 etiam
1160 4069 1227 4129 in
1284 4082 1424 4130 aere
1481 4062 1816 4147 pelliculam

282 4161 658 4230 monetariis
672 4160 1065 4246 facultatem,
1111 4182 1266 4249 quae
1301 4171 1503 4224 tamen
1515 4157 1634 4244 sub
1663 4158 1810 4221 Con·

226 4315 235 4323 .
263 4259 541 4344 fiantino
578 4261 827 4338 penitus
841 4256 1095 4342 sublata
1137 4260 1246 4347 est,
1312 4275 1437 4319 non
1486 4253 1817 4337 abstulerit.

346 4462 408 4532 a)
446 4462 611 4518 Tom.
651 4463 759 4524 lu.
790 4476 856 4537 p.
896 4475 987 4533 24.

1185 4459 1247 4532 b)
1284 4460 1361 4516 ad
1396 4461 1599 4520 lobert.
1636 4463 1710 4524 T.
1744 4461 1824 4517 11.
1859 4476 1917 4531 p·
1953 4473 2076 4529 404.

3273 565 3416 651 475

1894 735 2121 801 Etiam
2161 736 2523 800 Bimardus
2560 733 2649 797 ab
2681 735 3140 823 hoctempore
3178 758 3408 823 argen-

1894 843 2036 894 tum
2072 850 2282 914 usque
2342 831 2431 892 ad
2477 829 2981 896 Diocletianum
3038 832 3240 918 plane
3302 837 3412 897 de-

1898 923 2097 989 ficere
2153 927 2521 990 contendit.
2557 914 2623 1006 ¹³)
2675 927 2865 988 Haec
2901 929 3134 1014 regula
3181 941 3254 992 ut
3305 951 3413 1013 ge·

1894 1022 2179 1084 nex-atim
2221 1020 2451 1085 valere
2483 1018 2739 1104 potest,
2791 1034 3023 1086 tamen
3070 1026 3420 1108 exceptio-

1894 1135 1978 1177 ne
2009 1136 2146 1178 non
2197 1128 2406 1180 caret.
2495 1118 2669 1178 Nam
2718 1117 2860 1178 vidi
2899 1119 2968 1180 in
3019 1119 3227 1181 variis
3278 1139 3420 1181 mu-

1899 1211 2065 1287 seis,
2124 1230 2339 1293 neque
2384 1212 2616 1274 desunt
2646 1213 2712 1272 in
2752 1209 3128 1289 Caesareo,
3177 1233 3419 1276 numos

1898 1308 2290 1381 Aureliani,
2338 1306 2585 1381 Probi,
2639 1306 3112 1390 aliorumque,
3167 1328 3421 1390 eosque

1897 1421 2055 1463 vere
2103 1403 2457 1482 antiquoS,
2561 1401 2674 1482 qui
2734 1403 2993 1487 argenti
3077 1402 3418 1485 probitate

1897 1497 2448 1579 praecedentium
2479 1495 2790 1580 proxime
2832 1495 3273 1582 Augustorum
3303 1518 3418 1560 nu·

1897 1610 2046 1653 mos
2081 1591 2288 1651 etiam
2337 1590 2690 1673 superant,
2742 1611 3132 1674 quanquam
3183 1612 3424 1656 verum

1897 1683 2008 1759 fit,
2063 1683 2306 1746 horum
2363 1704 2713 1747 numerum
2767 1686 2919 1772 'effe'
2951 1688 3417 1772 perexiguum.

1896 1778 2031 1841 Sed
2077 1778 2212 1841 hoc
2251 1781 2388 1854 iam
2428 1791 2893 1867 argumentum
2945 1783 3237 1843 tractavi
3319 1781 3424 1844 fu·

1894 1872 2019 1938 Iius
2057 1876 2213 1940 Vol.
2257 1873 2313 1940 1.
2357 1877 2427 1936 in
2466 1874 2732 1959 Proleg.
2773 1896 2922 1960 gen.
2962 1898 3030 1961 p.
3074 1877 3356 1944 XXVII.

2185 2063 2387 2128 Numi
2432 2066 2755 2128 commatis
2790 2067 3140 2150 peregrini.

1986 2254 2202 2332 Hujus
2252 2226 2478 2319 classis
2538 2255 2720 2316 numi
2774 2253 2921 2318 fere
2983 2248 3203 2343 eidem
3262 2280 3419 2325 cum

1899 2345 2190 2415 Claudio
2213 2348 2472 2410 tumulo
2499 2346 2641 2412 sunt
2669 2350 2881 2425 illati3
2917 2371 3074 2415 nam
3096 2354 3419 2441 deinceps

1776 2502 1783 2509 ,
1893 2462 2170 2504 numum
2207 2444 2276 2504 in
2296 2441 2629 2519 Graecia,
2684 2444 2726 2506 fi
2760 2445 3261 2512 Alexandrinos
3300 2453 3422 2541 de·

1895 2557 2080 2613 rnaS‚
2137 2550 2254 2599 aut
2282 2539 2557 2601 colonia
2581 2534 2903 2625 lignatum
2939 2542 3059 2604 vix
3088 2547 3417 2629 reperias.

1892 2584 2128 2695 Facile
2183 2635 2387 2697 etiam
2450 2631 2717 2698 Claudii
2778 2637 2847 2698 id
2903 2657 3109 2722 genus
3173 2659 3420 2705 numos

1894 2729 2381 2791 numeraveris,
2432 2728 2710 2792 Praeter
2732 2728 3141 2813 Cyzicenum
3167 2755 3210 2797 a
3231 2737 3418 2799 Vail-

1897 2822 2110 2885 lantio
2149 2823 2454 2886 oblatum
2496 2823 2735 2909 reliqui
2778 2846 3013 2890 omnes
3052 2828 3195 2892 runt
3242 2830 3419 2895 urbi-

1900 2939 2009 2982 um
2035 2918 2348 2996 Pisidiae,
2384 2938 2626 3004 nempe
2651 2922 2962 2986 coloniae
2985 2925 3419 3007 Antiochiae,

1900 3018 2084 3096 cujus
2119 3017 2306 3077 numi
2348 3014 2510 3077 editi
2555 3011 2699 3080 sunt
2741 3038 2826 3081 ex
2881 3019 3106 3082 museo
3173 3020 3422 3087 caera..

1900 3130 2019 3173 reo
2045 3156 2064 3185 ,
2119 3122 2186 3172 et
2219 3130 2263 3172 a
2303 3109 2662 3176 Pellerinio
2691 3160 2710 3189 ,
2765 3126 2830 3175 et
2860 3114 3124 3177 urbium
3169 3116 3422 3183 libera..

1894 3204 2438 3288 rumSagalassi
2494 3216 2559 3265 et
2610 3207 2979 3270 Seleuciae.
3031 3226 3036 3229 ’
3095 3206 3234 3270 Cur
3284 3231 3420 3276 una

1898 3292 2069 3362 haec
2109 3299 2298 3380 regio
2333 3298 2732 3362 cess'antibus
2775 3300 2915 3363 sere
2953 3303 3216 3386 penitus
3261 3307 3418 3370 aliis

1896 3394 1979 3455 in*
2011 3405 2242 3457 vetere
2282 3392 2397 3455 suo
2433 3389 2725 3458 instituto
2763 3395 3203 3482 permanserit
3226 3447 3246 3476 ,
3297 3404 3420 3464 vix

1897 3486 2291 3570 adsequare.
2382 3486 2588 3550 Forte
2623 3488 2793 3555 istud
2841 3489 3099 3553 factum
3141 3497 3310 3578 grati
3344 3516 3415 3560 a·

1895 3584 2058 3646 nimi
2082 3581 2280 3646 causa
2301 3607 2320 3657 3
2369 3602 2527 3645 nam
2549 3590 2592 3645 a
2612 3583 2901 3651 Claudio
2923 3586 3219 3651 domitos
3241 3590 3417 3655 Isau-

1895 3698 2046 3755 ros,
2104 3679 2219 3761 qui
2250 3676 2617 3757 finitimos,
2669 3681 2844 3745 inter
2886 3700 3057 3761 quos
3110 3682 3300 3748 fuere
3351 3701 3422 3753 et
3539 3704 3554 3719 ²

1895 3773 2191 3848 Pisidae,
2243 3772 2730 3841 incursionibus
2768 3776 3157 3859 vexabant,
3208 3780 3421 3849 refert

1892 3870 1957 3931 T
1961 3868 2312 3953 rebelliuS.¹
2336 3866 2395 3949 ⁰)

1989 3965 2297 4028 Priorum
2339 3960 2678 4028 defectum
2723 3966 3016 4032 farciunt
3041 3974 3227 4036 numi
3255 3956 3412 4039 Ale-

1890 4061 2250 4137 xandrini,
2307 4079 2593 4144 quorum
2643 4063 2877 4148 ingens
2951 4066 3234 4153 superest
3293 4091 3417 4133 co-

1893 4159 2010 4240 pia
2054 4176 2206 4218 cum
2247 4156 2440 4219 annis
2477 4163 2556 4221 A.
2595 4160 2663 4222 Β.
2706 4162 2775 4222 Γ.
2829 4162 3061 4225 Valuit
3094 4183 3308 4226 annus
3347 4169 3412 4229 A

1892 4271 1936 4313 a
1972 4253 2231 4315 Martio
2275 4270 2485 4334 usque
2521 4254 2616 4316 ad
2665 4269 3020 4320 exeuntem
3049 4255 3412 4340 Augustum

2251 4458 2299 4528 c)
2336 4460 2396 4512 in
2430 4458 2789 4517 Trebelliano
2824 4470 2932 4528 tyr.

2727 4536 2788 4599 Ο
2813 4554 2854 4601 o
2879 4554 2922 4601 o
2973 4554 3011 4601 2
