<?xml version="1.0" encoding="UTF-8"?>
<!DOCTYPE html PUBLIC "-//W3C//DTD XHTML 1.0 Transitional//EN"
    "http://www.w3.org/TR/xhtml1/DTD/xhtml1-transitional.dtd">
<html xmlns="http://www.w3.org/1999/xhtml" xml:lang="en" lang="en">
 <head>
  <title>
</title>
<meta http-equiv="Content-Type" content="text/html;charset=utf-8" />
  <meta name='ocr-system' content='tesseract 3.04.00' />
  <meta name='ocr-capabilities' content='ocr_page ocr_carea ocr_par ocr_line ocrx_word'/>
</head>
<body>
  <div class='ocr_page' id='page_1' title='image "./doctrinanumorum03unkngoog_0529.png"; bbox 0 0 4242 5459; ppageno 0'>
   <div class='ocr_carea' id='block_1_1' title="bbox 1052 587 1753 673">
    <p class='ocr_par' dir='ltr' id='par_1_1' title="bbox 1052 587 1753 673">
     <span class='ocr_line' id='line_1_1' title="bbox 1052 587 1753 673; baseline 0.004 -7"><span class='ocrx_word' id='word_1_1' title='bbox 1052 587 1753 673; x_wconf 81' lang='lat' dir='ltr'>PRINCIPES</span> 
     </span>
    </p>
   </div>
   <div class='ocr_carea' id='block_1_2' title="bbox 471 787 1570 1018">
    <p class='ocr_par' dir='ltr' id='par_1_2' title="bbox 471 787 1570 1018">
     <span class='ocr_line' id='line_1_2' title="bbox 812 787 1151 874; baseline 0.018 -19"><span class='ocrx_word' id='word_1_2' title='bbox 812 787 817 793; x_wconf 79' lang='grc'>’</span> <span class='ocrx_word' id='word_1_3' title='bbox 902 798 960 874; x_wconf 69' lang='lat'>5.</span> <span class='ocrx_word' id='word_1_4' title='bbox 1062 790 1151 862; x_wconf 83' lang='lat'>11.</span> 
     </span>
     <span class='ocr_line' id='line_1_3' title="bbox 471 940 1570 1018; baseline 0.007 -11"><span class='ocrx_word' id='word_1_5' title='bbox 471 940 574 1007; x_wconf 82' lang='lat' dir='ltr'>De</span> <span class='ocrx_word' id='word_1_6' title='bbox 620 942 988 1012; x_wconf 72' lang='lat' dir='ltr'>Vabalatbo</span> <span class='ocrx_word' id='word_1_7' title='bbox 1037 959 1096 1014; x_wconf 78' lang='lat' dir='ltr'>et</span> <span class='ocrx_word' id='word_1_8' title='bbox 1143 950 1570 1018; x_wconf 75' lang='lat' dir='ltr'>Athenodoro.</span> 
     </span>
    </p>
   </div>
   <div class='ocr_carea' id='block_1_3' title="bbox 204 1064 1779 4419">
    <p class='ocr_par' dir='ltr' id='par_1_3' title="bbox 253 1064 1779 1742">
     <span class='ocr_line' id='line_1_4' title="bbox 353 1064 1777 1166; baseline 0.013 -31"><span class='ocrx_word' id='word_1_9' title='bbox 353 1064 778 1142; x_wconf 80' lang='lat' dir='ltr'>Froelichius</span> <span class='ocrx_word' id='word_1_10' title='bbox 815 1096 882 1145; x_wconf 88' lang='lat' dir='ltr'>et</span> <span class='ocrx_word' id='word_1_11' title='bbox 918 1084 1351 1166; x_wconf 72' lang='lat' dir='ltr'>Penerinius,</span> <span class='ocrx_word' id='word_1_12' title='bbox 1404 1109 1556 1152; x_wconf 88' lang='lat' dir='ltr'>cum</span> <span class='ocrx_word' id='word_1_13' title='bbox 1593 1090 1777 1153; x_wconf 82' lang='lat' dir='ltr'>vide-</span> 
     </span>
     <span class='ocr_line' id='line_1_5' title="bbox 254 1172 1777 1268; baseline 0.012 -38"><span class='ocrx_word' id='word_1_14' title='bbox 254 1183 408 1231; x_wconf 75' lang='lat' dir='ltr'>rent</span> <span class='ocrx_word' id='word_1_15' title='bbox 451 1172 911 1241; x_wconf 68' lang='lat' dir='ltr'>Vabala&#39;thum</span> <span class='ocrx_word' id='word_1_16' title='bbox 960 1178 1182 1244; x_wconf 73' lang='lat' dir='ltr'>numia</span> <span class='ocrx_word' id='word_1_17' title='bbox 1235 1183 1340 1248; x_wconf 87' lang='lat' dir='ltr'>his</span> <span class='ocrx_word' id='word_1_18' title='bbox 1391 1184 1777 1268; x_wconf 83' lang='lat' dir='ltr'>inscriptum</span> 
     </span>
     <span class='ocr_line' id='line_1_6' title="bbox 253 1264 1778 1358; baseline 0.014 -34"><span class='ocrx_word' id='word_1_19' title='bbox 253 1264 324 1325; x_wconf 88' lang='lat' dir='ltr'>in</span> <span class='ocrx_word' id='word_1_20' title='bbox 368 1268 525 1330; x_wconf 81' lang='lat' dir='ltr'>aliis</span> <span class='ocrx_word' id='word_1_21' title='bbox 597 1271 732 1332; x_wconf 88' lang='lat' dir='ltr'>dici</span> <span class='ocrx_word' id='word_1_22' title='bbox 807 1274 1233 1343; x_wconf 75' lang='lat' dir='ltr'>Vabalathum</span> <span class='ocrx_word' id='word_1_23' title='bbox 1273 1279 1778 1358; x_wconf 76' lang='lat' dir='ltr'><em>Athenodorum,</em></span> 
     </span>
     <span class='ocr_line' id='line_1_7' title="bbox 255 1358 1779 1448; baseline 0.014 -29"><span class='ocrx_word' id='word_1_24' title='bbox 255 1358 431 1442; x_wconf 82' lang='lat' dir='ltr'>(Lit.</span> <span class='ocrx_word' id='word_1_25' title='bbox 475 1363 560 1448; x_wconf 91' lang='grc' dir='ltr'>Ι.)</span> <span class='ocrx_word' id='word_1_26' title='bbox 598 1367 666 1428; x_wconf 88' lang='lat' dir='ltr'>in</span> <span class='ocrx_word' id='word_1_27' title='bbox 719 1368 870 1432; x_wconf 87' lang='lat' dir='ltr'>aliis</span> <span class='ocrx_word' id='word_1_28' title='bbox 901 1370 1325 1440; x_wconf 75' lang='lat' dir='ltr'>Vabnlathum</span> <span class='ocrx_word' id='word_1_29' title='bbox 1385 1375 1779 1443; x_wconf 78' lang='lat' dir='ltr'>Athenodori</span> 
     </span>
     <span class='ocr_line' id='line_1_8' title="bbox 259 1455 1774 1548; baseline 0.01 -27"><span class='ocrx_word' id='word_1_30' title='bbox 259 1455 375 1533; x_wconf 61' lang='lat' dir='ltr'>F„</span> <span class='ocrx_word' id='word_1_31' title='bbox 426 1459 586 1521; x_wconf 82' lang='lat' dir='ltr'>item</span> <span class='ocrx_word' id='word_1_32' title='bbox 623 1464 689 1524; x_wconf 87' lang='lat' dir='ltr'>in</span> <span class='ocrx_word' id='word_1_33' title='bbox 722 1465 874 1529; x_wconf 83' lang='lat' dir='ltr'>aliis</span> <span class='ocrx_word' id='word_1_34' title='bbox 913 1470 1124 1535; x_wconf 74' lang='lat' dir='ltr'><strong>ATT.</strong></span> <span class='ocrx_word' id='word_1_35' title='bbox 1173 1473 1252 1536; x_wconf 80' lang='lat' dir='ltr'>K.</span> <span class='ocrx_word' id='word_1_36' title='bbox 1281 1472 1493 1548; x_wconf 58' lang='lat' dir='ltr'>Cen„</span> <span class='ocrx_word' id='word_1_37' title='bbox 1545 1474 1611 1533; x_wconf 88' lang='lat' dir='ltr'>in</span> <span class='ocrx_word' id='word_1_38' title='bbox 1654 1473 1774 1535; x_wconf 81' lang='lat' dir='ltr'>ali·</span> 
     </span>
     <span class='ocr_line' id='line_1_9' title="bbox 256 1552 1769 1653; baseline 0.014 -42"><span class='ocrx_word' id='word_1_39' title='bbox 256 1552 315 1611; x_wconf 81' lang='lat' dir='ltr'>is</span> <span class='ocrx_word' id='word_1_40' title='bbox 361 1564 622 1619; x_wconf 88' lang='lat' dir='ltr'>tantum</span> <span class='ocrx_word' id='word_1_41' title='bbox 659 1562 903 1638; x_wconf 63' lang='lat' dir='ltr'>ATT„</span> <span class='ocrx_word' id='word_1_42' title='bbox 954 1565 1205 1627; x_wconf 80' lang='lat' dir='ltr'>rursum</span> <span class='ocrx_word' id='word_1_43' title='bbox 1267 1570 1335 1631; x_wconf 86' lang='lat' dir='ltr'>in</span> <span class='ocrx_word' id='word_1_44' title='bbox 1411 1570 1563 1631; x_wconf 76' lang='lat' dir='ltr'>aliis</span> <span class='ocrx_word' id='word_1_45' title='bbox 1612 1588 1769 1653; x_wconf 86' lang='lat' dir='ltr'>pro-</span> 
     </span>
     <span class='ocr_line' id='line_1_10' title="bbox 254 1647 1767 1742; baseline 0.015 -37"><span class='ocrx_word' id='word_1_46' title='bbox 254 1648 424 1728; x_wconf 80' lang='lat' dir='ltr'>poni</span> <span class='ocrx_word' id='word_1_47' title='bbox 476 1647 655 1713; x_wconf 85' lang='lat' dir='ltr'>facie</span> <span class='ocrx_word' id='word_1_48' title='bbox 725 1658 1012 1737; x_wconf 84' lang='lat' dir='ltr'>puerili,</span> <span class='ocrx_word' id='word_1_49' title='bbox 1078 1661 1148 1722; x_wconf 89' lang='lat' dir='ltr'>in</span> <span class='ocrx_word' id='word_1_50' title='bbox 1217 1665 1371 1726; x_wconf 86' lang='lat' dir='ltr'>aliis</span> <span class='ocrx_word' id='word_1_51' title='bbox 1426 1663 1767 1742; x_wconf 75' lang='lat' dir='ltr'>barbata,</span> 
     </span>
    </p>

    <p class='ocr_par' dir='ltr' id='par_1_4' title="bbox 204 1740 1773 4419">
     <span class='ocr_line' id='line_1_11' title="bbox 204 1740 1766 1829; baseline 0.014 -29"><span class='ocrx_word' id='word_1_52' title='bbox 204 1757 214 1765; x_wconf 92' lang='lat'><strong>·</strong></span> <span class='ocrx_word' id='word_1_53' title='bbox 251 1740 321 1802; x_wconf 87' lang='lat' dir='ltr'>in</span> <span class='ocrx_word' id='word_1_54' title='bbox 363 1741 469 1805; x_wconf 83' lang='lat' dir='ltr'>his</span> <span class='ocrx_word' id='word_1_55' title='bbox 505 1749 729 1829; x_wconf 83' lang='lat' dir='ltr'>capite</span> <span class='ocrx_word' id='word_1_56' title='bbox 765 1750 1114 1829; x_wconf 82' lang='lat' dir='ltr'>laureato,</span> <span class='ocrx_word' id='word_1_57' title='bbox 1168 1757 1233 1819; x_wconf 91' lang='lat' dir='ltr'>in</span> <span class='ocrx_word' id='word_1_58' title='bbox 1287 1757 1421 1822; x_wconf 79' lang='lat' dir='ltr'>iuis</span> <span class='ocrx_word' id='word_1_59' title='bbox 1456 1759 1766 1822; x_wconf 84' lang='lat' dir='ltr'>laureato</span> 
     </span>
     <span class='ocr_line' id='line_1_12' title="bbox 247 1832 1768 1941; baseline 0.012 -41"><span class='ocrx_word' id='word_1_60' title='bbox 247 1832 444 1900; x_wconf 63' lang='lat' dir='ltr'>simul</span> <span class='ocrx_word' id='word_1_61' title='bbox 483 1853 551 1902; x_wconf 90' lang='lat' dir='ltr'>et</span> <span class='ocrx_word' id='word_1_62' title='bbox 595 1844 1031 1921; x_wconf 85' lang='lat' dir='ltr'>diademato,</span> <span class='ocrx_word' id='word_1_63' title='bbox 1081 1848 1394 1937; x_wconf 79' lang='lat' dir='ltr'>suspicari</span> <span class='ocrx_word' id='word_1_64' title='bbox 1441 1873 1768 1941; x_wconf 58' lang='lat' dir='ltr'>coepere,</span> 
     </span>
     <span class='ocr_line' id='line_1_13' title="bbox 251 1932 1769 2032; baseline 0.013 -37"><span class='ocrx_word' id='word_1_65' title='bbox 251 1932 428 1995; x_wconf 73' lang='grc' dir='ltr'>ᾶυὸε</span> <span class='ocrx_word' id='word_1_66' title='bbox 468 1932 852 2002; x_wconf 78' lang='lat' dir='ltr'>statuendos</span> <span class='ocrx_word' id='word_1_67' title='bbox 891 1944 1347 2025; x_wconf 80' lang='lat' dir='ltr'>Vabalathos‚</span> <span class='ocrx_word' id='word_1_68' title='bbox 1396 1951 1571 2011; x_wconf 88' lang='lat' dir='ltr'>inter</span> <span class='ocrx_word' id='word_1_69' title='bbox 1596 1970 1769 2032; x_wconf 79' lang='lat' dir='ltr'>quos</span> 
     </span>
     <span class='ocr_line' id='line_1_14' title="bbox 249 2028 1769 2108; baseline 0.01 -17"><span class='ocrx_word' id='word_1_70' title='bbox 249 2028 605 2094; x_wconf 81' lang='lat' dir='ltr'>dividendi</span> <span class='ocrx_word' id='word_1_71' title='bbox 640 2034 847 2098; x_wconf 69' lang='lat' dir='ltr'>ess&#39;ent</span> <span class='ocrx_word' id='word_1_72' title='bbox 878 2039 1061 2099; x_wconf 86' lang='lat' dir='ltr'>numi</span> <span class='ocrx_word' id='word_1_73' title='bbox 1095 2041 1467 2108; x_wconf 82' lang='lat' dir='ltr'>Vabalathi</span> <span class='ocrx_word' id='word_1_74' title='bbox 1498 2046 1769 2106; x_wconf 87' lang='lat' dir='ltr'>nomine</span> 
     </span>
     <span class='ocr_line' id='line_1_15' title="bbox 246 2124 1768 2217; baseline 0.01 -30"><span class='ocrx_word' id='word_1_75' title='bbox 246 2124 572 2210; x_wconf 82' lang='lat' dir='ltr'>inscripti.</span> <span class='ocrx_word' id='word_1_76' title='bbox 671 2128 965 2212; x_wconf 85' lang='lat' dir='ltr'>Conjicit</span> <span class='ocrx_word' id='word_1_77' title='bbox 1029 2134 1228 2217; x_wconf 83' lang='lat' dir='ltr'>igitur</span> <span class='ocrx_word' id='word_1_78' title='bbox 1304 2137 1768 2216; x_wconf 79' lang='lat' dir='ltr'>Froelichiue‚</span> 
     </span>
     <span class='ocr_line' id='line_1_16' title="bbox 242 2219 1770 2303; baseline 0.011 -22"><span class='ocrx_word' id='word_1_79' title='bbox 242 2219 498 2282; x_wconf 81' lang='lat' dir='ltr'>horum</span> <span class='ocrx_word' id='word_1_80' title='bbox 538 2236 751 2303; x_wconf 17' lang='lat' dir='ltr'>unum*</span> <span class='ocrx_word' id='word_1_81' title='bbox 783 2225 972 2289; x_wconf 74' lang='lat' dir='ltr'>fuiss&#39;e</span> <span class='ocrx_word' id='word_1_82' title='bbox 1019 2229 1088 2294; x_wconf 92' lang='lat' dir='ltr'><em>V</em></span> <span class='ocrx_word' id='word_1_83' title='bbox 1085 2230 1442 2296; x_wconf 72' lang='lat' dir='ltr'>abalathum</span> <span class='ocrx_word' id='word_1_84' title='bbox 1490 2233 1770 2298; x_wconf 83' lang='lat' dir='ltr'>Atheno-</span> 
     </span>
     <span class='ocr_line' id='line_1_17' title="bbox 240 2312 1773 2414; baseline 0.008 -35"><span class='ocrx_word' id='word_1_85' title='bbox 240 2314 473 2380; x_wconf 65' lang='lat' dir='ltr'>dorum</span> <span class='ocrx_word' id='word_1_86' title='bbox 512 2312 1106 2392; x_wconf 55' lang='lat' dir='ltr'>OdenatMium</span> <span class='ocrx_word' id='word_1_87' title='bbox 1166 2327 1507 2391; x_wconf 80' lang='lat' dir='ltr'>Zenobiae</span> <span class='ocrx_word' id='word_1_88' title='bbox 1554 2331 1773 2414; x_wconf 81' lang='lat' dir='ltr'>privi-</span> 
     </span>
     <span class='ocr_line' id='line_1_18' title="bbox 238 2420 1770 2496; baseline 0.01 -23"><span class='ocrx_word' id='word_1_89' title='bbox 238 2432 444 2496; x_wconf 84' lang='lat' dir='ltr'>gnum</span> <span class='ocrx_word' id='word_1_90' title='bbox 476 2459 498 2487; x_wconf 91' lang='lat'>,</span> <span class='ocrx_word' id='word_1_91' title='bbox 581 2420 766 2496; x_wconf 83' lang='lat' dir='ltr'>cujus</span> <span class='ocrx_word' id='word_1_92' title='bbox 820 2423 1093 2483; x_wconf 89' lang='lat' dir='ltr'>nomine</span> <span class='ocrx_word' id='word_1_93' title='bbox 1161 2423 1536 2486; x_wconf 81' lang='lat' dir='ltr'>Zenobiam</span> <span class='ocrx_word' id='word_1_94' title='bbox 1606 2426 1770 2487; x_wconf 83' lang='lat' dir='ltr'>sum·</span> 
     </span>
     <span class='ocr_line' id='line_1_19' title="bbox 239 2507 1772 2602; baseline 0.008 -31"><span class='ocrx_word' id='word_1_95' title='bbox 239 2507 818 2595; x_wconf 79' lang='lat' dir='ltr'>&#39;pfiss&#39;einiperium</span> <span class='ocrx_word' id='word_1_96' title='bbox 839 2512 1046 2577; x_wconf 83' lang='lat' dir='ltr'><strong>refert</strong></span> <span class='ocrx_word' id='word_1_97' title='bbox 1068 2517 1417 2602; x_wconf 73' lang='lat' dir='ltr'>VopiscuS,</span> <span class='ocrx_word' id='word_1_98' title='bbox 1469 2532 1537 2582; x_wconf 85' lang='lat' dir='ltr'>et</span> <span class='ocrx_word' id='word_1_99' title='bbox 1571 2540 1772 2602; x_wconf 86' lang='lat' dir='ltr'>quem</span> 
     </span>
     <span class='ocr_line' id='line_1_20' title="bbox 238 2602 1772 2700; baseline 0.01 -36"><span class='ocrx_word' id='word_1_100' title='bbox 238 2602 549 2668; x_wconf 83' lang='lat' dir='ltr'>offerunt</span> <span class='ocrx_word' id='word_1_101' title='bbox 584 2609 770 2670; x_wconf 89' lang='lat' dir='ltr'>numi</span> <span class='ocrx_word' id='word_1_102' title='bbox 814 2608 1006 2673; x_wconf 78' lang='lat' dir='ltr'><strong>subl.</strong></span> <span class='ocrx_word' id='word_1_103' title='bbox 1048 2613 1402 2700; x_wconf 82' lang='lat' dir='ltr'>descripti,</span> <span class='ocrx_word' id='word_1_104' title='bbox 1456 2627 1523 2678; x_wconf 89' lang='lat' dir='ltr'>et</span> <span class='ocrx_word' id='word_1_105' title='bbox 1563 2617 1772 2679; x_wconf 83' lang='lat' dir='ltr'>alium</span> 
     </span>
     <span class='ocr_line' id='line_1_21' title="bbox 235 2698 1773 2789; baseline 0.012 -28"><span class='ocrx_word' id='word_1_106' title='bbox 235 2700 431 2781; x_wconf 83' lang='lat' dir='ltr'><strong>hujus</strong></span> <span class='ocrx_word' id='word_1_107' title='bbox 499 2698 709 2766; x_wconf 83' lang='lat' dir='ltr'>filium</span> <span class='ocrx_word' id='word_1_108' title='bbox 741 2752 759 2781; x_wconf 84' lang='lat'>,</span> <span class='ocrx_word' id='word_1_109' title='bbox 814 2726 1013 2789; x_wconf 88' lang='lat' dir='ltr'>quem</span> <span class='ocrx_word' id='word_1_110' title='bbox 1071 2723 1326 2774; x_wconf 82' lang='lat' dir='ltr'>vocant</span> <span class='ocrx_word' id='word_1_111' title='bbox 1369 2714 1556 2774; x_wconf 85' lang='lat' dir='ltr'>numi</span> <span class='ocrx_word' id='word_1_112' title='bbox 1609 2712 1773 2778; x_wconf 84' lang='lat' dir='ltr'><em>Her-</em></span> 
     </span>
     <span class='ocr_line' id='line_1_22' title="bbox 228 2800 1772 2884; baseline 0.009 -25"><span class='ocrx_word' id='word_1_113' title='bbox 228 2800 442 2875; x_wconf 79' lang='lat' dir='ltr'>miam,</span> <span class='ocrx_word' id='word_1_114' title='bbox 521 2800 783 2883; x_wconf 86' lang='lat' dir='ltr'>(potius</span> <span class='ocrx_word' id='word_1_115' title='bbox 803 2801 1096 2884; x_wconf 77' lang='lat' dir='ltr'>Sroiam)</span> <span class='ocrx_word' id='word_1_116' title='bbox 1135 2805 1204 2871; x_wconf 94' lang='lat' dir='ltr'><em>V</em></span> <span class='ocrx_word' id='word_1_117' title='bbox 1199 2804 1552 2872; x_wconf 79' lang='lat' dir='ltr'>abalathum</span> <span class='ocrx_word' id='word_1_118' title='bbox 1573 2809 1772 2874; x_wconf 77' lang='lat' dir='ltr'><em>Athe-</em></span> 
     </span>
     <span class='ocr_line' id='line_1_23' title="bbox 234 2895 1771 2985; baseline 0.007 -28"><span class='ocrx_word' id='word_1_119' title='bbox 234 2895 481 2960; x_wconf 74' lang='lat' dir='ltr'>nodori</span> <span class='ocrx_word' id='word_1_120' title='bbox 538 2897 614 2960; x_wconf 84' lang='lat' dir='ltr'>F.</span> <span class='ocrx_word' id='word_1_121' title='bbox 662 2899 842 2981; x_wconf 81' lang='lat' dir='ltr'>patri</span> <span class='ocrx_word' id='word_1_122' title='bbox 908 2902 977 2962; x_wconf 89' lang='lat' dir='ltr'>in</span> <span class='ocrx_word' id='word_1_123' title='bbox 1042 2903 1334 2985; x_wconf 87' lang='lat' dir='ltr'>imperio</span> <span class='ocrx_word' id='word_1_124' title='bbox 1404 2904 1771 2985; x_wconf 77' lang='lat' dir='ltr'>sociatum,</span> 
     </span>
     <span class='ocr_line' id='line_1_24' title="bbox 235 2994 1771 3073; baseline 0.007 -22"><span class='ocrx_word' id='word_1_125' title='bbox 235 3010 471 3071; x_wconf 82' lang='lat' dir='ltr'>quocu</span> <span class='ocrx_word' id='word_1_126' title='bbox 491 3010 664 3073; x_wconf 89' lang='lat' dir='ltr'>nque</span> <span class='ocrx_word' id='word_1_127' title='bbox 693 2994 764 3055; x_wconf 89' lang='lat' dir='ltr'>id</span> <span class='ocrx_word' id='word_1_128' title='bbox 806 3010 1085 3058; x_wconf 84' lang='lat' dir='ltr'>auctore</span> <span class='ocrx_word' id='word_1_129' title='bbox 1139 2996 1421 3062; x_wconf 76' lang='lat' dir='ltr'>factum.</span> <span class='ocrx_word' id='word_1_130' title='bbox 1473 3000 1661 3062; x_wconf 86' lang='lat' dir='ltr'>Patri</span> <span class='ocrx_word' id='word_1_131' title='bbox 1700 3020 1771 3062; x_wconf 81' lang='lat' dir='ltr'>a·</span> 
     </span>
     <span class='ocr_line' id='line_1_25' title="bbox 230 3086 1768 3179; baseline 0.006 -29"><span class='ocrx_word' id='word_1_132' title='bbox 230 3086 822 3155; x_wconf 74' lang='lat' dir='ltr'>deon-ibuendos</span> <span class='ocrx_word' id='word_1_133' title='bbox 864 3111 1104 3155; x_wconf 87' lang='lat' dir='ltr'><strong>numos</strong></span> <span class='ocrx_word' id='word_1_134' title='bbox 1133 3139 1152 3167; x_wconf 88' lang='lat'><strong>‚</strong></span> <span class='ocrx_word' id='word_1_135' title='bbox 1205 3096 1270 3155; x_wconf 89' lang='lat' dir='ltr'>in</span> <span class='ocrx_word' id='word_1_136' title='bbox 1309 3094 1556 3176; x_wconf 77' lang='lat' dir='ltr'>quibus</span> <span class='ocrx_word' id='word_1_137' title='bbox 1612 3116 1768 3179; x_wconf 76' lang='lat' dir='ltr'>pro·</span> 
     </span>
     <span class='ocr_line' id='line_1_26' title="bbox 232 3174 1769 3276; baseline 0.007 -33"><span class='ocrx_word' id='word_1_138' title='bbox 232 3174 511 3250; x_wconf 47' lang='lat' dir='ltr'>&amp;rectior</span> <span class='ocrx_word' id='word_1_139' title='bbox 569 3195 759 3247; x_wconf 72' lang='lat' dir='ltr'>aetas</span> <span class='ocrx_word' id='word_1_140' title='bbox 808 3186 1181 3263; x_wconf 84' lang='lat' dir='ltr'>indicatur,</span> <span class='ocrx_word' id='word_1_141' title='bbox 1246 3187 1438 3266; x_wconf 83' lang='lat' dir='ltr'>filio,</span> <span class='ocrx_word' id='word_1_142' title='bbox 1508 3191 1577 3252; x_wconf 87' lang='lat' dir='ltr'>in</span> <span class='ocrx_word' id='word_1_143' title='bbox 1624 3193 1769 3276; x_wconf 88' lang='lat' dir='ltr'>qui-</span> 
     </span>
     <span class='ocr_line' id='line_1_27' title="bbox 235 3277 1767 3363; baseline 0.007 -22"><span class='ocrx_word' id='word_1_144' title='bbox 235 3277 366 3341; x_wconf 78' lang='lat' dir='ltr'>bua</span> <span class='ocrx_word' id='word_1_145' title='bbox 403 3278 709 3363; x_wconf 72' lang='lat' dir='ltr'>puerilis,</span> <span class='ocrx_word' id='word_1_146' title='bbox 791 3278 961 3344; x_wconf 88' lang='lat' dir='ltr'>Cum</span> <span class='ocrx_word' id='word_1_147' title='bbox 996 3284 1386 3347; x_wconf 84' lang='lat' dir='ltr'>Froelichio</span> <span class='ocrx_word' id='word_1_148' title='bbox 1428 3281 1573 3347; x_wconf 82' lang='lat' dir='ltr'>fere</span> <span class='ocrx_word' id='word_1_149' title='bbox 1611 3307 1767 3350; x_wconf 89' lang='lat' dir='ltr'>con·</span> 
     </span>
     <span class='ocr_line' id='line_1_28' title="bbox 234 3372 1765 3465; baseline 0.007 -30"><span class='ocrx_word' id='word_1_150' title='bbox 234 3373 440 3436; x_wconf 80' lang='lat' dir='ltr'>sentit</span> <span class='ocrx_word' id='word_1_151' title='bbox 476 3372 900 3440; x_wconf 84' lang='lat' dir='ltr'>Pellerinius.</span> <span class='ocrx_word' id='word_1_152' title='bbox 955 3384 1177 3461; x_wconf 82' lang='lat' dir='ltr'>Atque</span> <span class='ocrx_word' id='word_1_153' title='bbox 1213 3379 1387 3444; x_wconf 84' lang='lat' dir='ltr'>haec</span> <span class='ocrx_word' id='word_1_154' title='bbox 1426 3400 1651 3465; x_wconf 87' lang='lat' dir='ltr'>pauca</span> <span class='ocrx_word' id='word_1_155' title='bbox 1681 3402 1765 3446; x_wconf 83' lang='lat' dir='ltr'>ex</span> 
     </span>
     <span class='ocr_line' id='line_1_29' title="bbox 229 3467 1767 3557; baseline 0.005 -25"><span class='ocrx_word' id='word_1_156' title='bbox 229 3467 603 3532; x_wconf 76' lang='lat' dir='ltr'>fusioribus</span> <span class='ocrx_word' id='word_1_157' title='bbox 641 3471 983 3557; x_wconf 79' lang='lat' dir='ltr'>utriusque</span> <span class='ocrx_word' id='word_1_158' title='bbox 1029 3477 1534 3540; x_wconf 86' lang='lat' dir='ltr'>commentariis</span> <span class='ocrx_word' id='word_1_159' title='bbox 1572 3496 1767 3539; x_wconf 83' lang='lat' dir='ltr'>exce·</span> 
     </span>
     <span class='ocr_line' id='line_1_30' title="bbox 230 3560 1765 3655; baseline 0.007 -29"><span class='ocrx_word' id='word_1_160' title='bbox 230 3564 402 3649; x_wconf 83' lang='lat' dir='ltr'>piss&#39;e</span> <span class='ocrx_word' id='word_1_161' title='bbox 443 3560 775 3642; x_wconf 81' lang='lat' dir='ltr'>sufficiat,</span> <span class='ocrx_word' id='word_1_162' title='bbox 829 3572 988 3651; x_wconf 85' lang='lat' dir='ltr'>quin</span> <span class='ocrx_word' id='word_1_163' title='bbox 1036 3572 1297 3635; x_wconf 80' lang='lat' dir='ltr'>animus</span> <span class='ocrx_word' id='word_1_164' title='bbox 1330 3573 1495 3634; x_wconf 78' lang='lat' dir='ltr'>mihi</span> <span class='ocrx_word' id='word_1_165' title='bbox 1524 3571 1599 3636; x_wconf 84' lang='lat' dir='ltr'>fit</span> <span class='ocrx_word' id='word_1_166' title='bbox 1646 3593 1765 3655; x_wconf 87' lang='lat' dir='ltr'>op-</span> 
     </span>
     <span class='ocr_line' id='line_1_31' title="bbox 226 3660 1764 3753; baseline 0.005 -30"><span class='ocrx_word' id='word_1_167' title='bbox 226 3660 542 3746; x_wconf 58' lang='lat' dir='ltr'>ponendi</span> <span class='ocrx_word' id='word_1_168' title='bbox 566 3708 585 3735; x_wconf 86' lang='lat'>,</span> <span class='ocrx_word' id='word_1_169' title='bbox 640 3680 819 3745; x_wconf 84' lang='lat' dir='ltr'>qnae</span> <span class='ocrx_word' id='word_1_170' title='bbox 856 3665 1070 3730; x_wconf 82' lang='lat' dir='ltr'>multa</span> <span class='ocrx_word' id='word_1_171' title='bbox 1100 3668 1449 3731; x_wconf 79' lang='lat' dir='ltr'>adversum</span> <span class='ocrx_word' id='word_1_172' title='bbox 1478 3688 1584 3744; x_wconf 86' lang='lat' dir='ltr'>ea,</span> <span class='ocrx_word' id='word_1_173' title='bbox 1621 3670 1764 3753; x_wconf 84' lang='lat' dir='ltr'>qui·</span> 
     </span>
     <span class='ocr_line' id='line_1_32' title="bbox 226 3755 1763 3845; baseline 0.005 -25"><span class='ocrx_word' id='word_1_174' title='bbox 226 3755 359 3820; x_wconf 76' lang='lat' dir='ltr'>bus</span> <span class='ocrx_word' id='word_1_175' title='bbox 399 3756 801 3821; x_wconf 84' lang='lat' dir='ltr'>sententiam</span> <span class='ocrx_word' id='word_1_176' title='bbox 842 3760 1025 3823; x_wconf 81' lang='lat' dir='ltr'>suam</span> <span class='ocrx_word' id='word_1_177' title='bbox 1095 3759 1385 3827; x_wconf 83' lang='lat' dir='ltr'>stabilire</span> <span class='ocrx_word' id='word_1_178' title='bbox 1441 3765 1763 3845; x_wconf 84' lang='lat' dir='ltr'>nituntur,</span> 
     </span>
     <span class='ocr_line' id='line_1_33' title="bbox 220 3853 1762 3938; baseline 0.007 -25"><span class='ocrx_word' id='word_1_179' title='bbox 220 3853 495 3937; x_wconf 81' lang='lat' dir='ltr'>poss&#39;ent</span> <span class='ocrx_word' id='word_1_180' title='bbox 537 3855 817 3938; x_wconf 89' lang='lat' dir='ltr'>opponi.</span> <span class='ocrx_word' id='word_1_181' title='bbox 872 3858 1047 3921; x_wconf 86' lang='lat' dir='ltr'><strong>Mihi</strong></span> <span class='ocrx_word' id='word_1_182' title='bbox 1082 3859 1235 3922; x_wconf 80' lang='lat' dir='ltr'>sane</span> <span class='ocrx_word' id='word_1_183' title='bbox 1295 3861 1362 3923; x_wconf 88' lang='lat' dir='ltr'>in</span> <span class='ocrx_word' id='word_1_184' title='bbox 1416 3859 1524 3922; x_wconf 79' lang='lat' dir='ltr'>his</span> <span class='ocrx_word' id='word_1_185' title='bbox 1578 3873 1762 3924; x_wconf 90' lang='lat' dir='ltr'>tene-</span> 
     </span>
     <span class='ocr_line' id='line_1_34' title="bbox 220 3947 1761 4034; baseline 0.005 -24"><span class='ocrx_word' id='word_1_186' title='bbox 220 3947 370 4010; x_wconf 80' lang='lat' dir='ltr'>bris</span> <span class='ocrx_word' id='word_1_187' title='bbox 403 3992 423 4023; x_wconf 88' lang='lat'><strong>,</strong></span> <span class='ocrx_word' id='word_1_188' title='bbox 482 3951 729 4029; x_wconf 82' lang='lat' dir='ltr'>quibus</span> <span class='ocrx_word' id='word_1_189' title='bbox 770 3951 966 4034; x_wconf 80' lang='lat' dir='ltr'><strong>hujus</strong></span> <span class='ocrx_word' id='word_1_190' title='bbox 1009 3956 1253 4018; x_wconf 84' lang='lat' dir='ltr'>aetatis</span> <span class='ocrx_word' id='word_1_191' title='bbox 1296 3955 1567 4018; x_wconf 78' lang='lat' dir='ltr'>historia</span> <span class='ocrx_word' id='word_1_192' title='bbox 1613 3956 1761 4018; x_wconf 83' lang='lat' dir='ltr'>scri·</span> 
     </span>
     <span class='ocr_line' id='line_1_35' title="bbox 217 4044 1760 4136; baseline 0.006 -32"><span class='ocrx_word' id='word_1_193' title='bbox 217 4055 507 4128; x_wconf 83' lang='lat' dir='ltr'>ptorum</span> <span class='ocrx_word' id='word_1_194' title='bbox 550 4044 719 4106; x_wconf 82' lang='lat' dir='ltr'>vitio</span> <span class='ocrx_word' id='word_1_195' title='bbox 754 4046 1028 4114; x_wconf 84' lang='lat' dir='ltr'>laborat</span> <span class='ocrx_word' id='word_1_196' title='bbox 1056 4099 1076 4129; x_wconf 92' lang='lat'><strong>‚</strong></span> <span class='ocrx_word' id='word_1_197' title='bbox 1146 4072 1448 4136; x_wconf 79' lang='lat' dir='ltr'>quasque</span> <span class='ocrx_word' id='word_1_198' title='bbox 1508 4053 1760 4136; x_wconf 85' lang='lat' dir='ltr'>reperti</span> 
     </span>
     <span class='ocr_line' id='line_1_36' title="bbox 215 4136 1757 4235; baseline 0.005 -34"><span class='ocrx_word' id='word_1_199' title='bbox 215 4139 566 4202; x_wconf 84' lang='lat' dir='ltr'>hactenus</span> <span class='ocrx_word' id='word_1_200' title='bbox 619 4136 1179 4235; x_wconf 77' lang='lat' dir='ltr'>Palmyrenorum</span> <span class='ocrx_word' id='word_1_201' title='bbox 1220 4148 1603 4233; x_wconf 84' lang='lat' dir='ltr'>principum</span> <span class='ocrx_word' id='word_1_202' title='bbox 1642 4167 1757 4209; x_wconf 90' lang='lat' dir='ltr'>nu·</span> 
     </span>
     <span class='ocr_line' id='line_1_37' title="bbox 213 4231 1756 4320; baseline 0.005 -23"><span class='ocrx_word' id='word_1_203' title='bbox 213 4236 311 4298; x_wconf 88' lang='lat' dir='ltr'>mi</span> <span class='ocrx_word' id='word_1_204' title='bbox 355 4252 499 4295; x_wconf 83' lang='lat' dir='ltr'>non</span> <span class='ocrx_word' id='word_1_205' title='bbox 554 4231 706 4297; x_wconf 84' lang='lat' dir='ltr'>satis</span> <span class='ocrx_word' id='word_1_206' title='bbox 755 4236 1104 4320; x_wconf 79' lang='lat' dir='ltr'>dispellunt</span> <span class='ocrx_word' id='word_1_207' title='bbox 1133 4289 1152 4318; x_wconf 86' lang='lat'>,</span> <span class='ocrx_word' id='word_1_208' title='bbox 1204 4236 1443 4307; x_wconf 73' lang='lat' dir='ltr'>omnis‘</span> <span class='ocrx_word' id='word_1_209' title='bbox 1475 4243 1756 4307; x_wconf 86' lang='lat' dir='ltr'>nimium</span> 
     </span>
     <span class='ocr_line' id='line_1_38' title="bbox 206 4328 1759 4419; baseline 0.006 -27"><span class='ocrx_word' id='word_1_210' title='bbox 206 4328 453 4392; x_wconf 67' lang='lat' dir='ltr'>sedula</span> <span class='ocrx_word' id='word_1_211' title='bbox 495 4328 836 4411; x_wconf 79' lang='lat' dir='ltr'>inquifitio</span> <span class='ocrx_word' id='word_1_212' title='bbox 867 4339 1192 4418; x_wconf 80' lang='lat' dir='ltr'>temporis</span> <span class='ocrx_word' id='word_1_213' title='bbox 1234 4352 1299 4400; x_wconf 85' lang='lat' dir='ltr'>et</span> <span class='ocrx_word' id='word_1_214' title='bbox 1334 4341 1613 4403; x_wconf 77' lang='lat' dir='ltr'>chartae</span> <span class='ocrx_word' id='word_1_215' title='bbox 1653 4342 1759 4419; x_wconf 83' lang='lat' dir='ltr'>ja·</span> 
     </span>
    </p>
   </div>
   <div class='ocr_carea' id='block_1_4' title="bbox 1852 587 3395 1457">
    <p class='ocr_par' dir='ltr' id='par_1_5' title="bbox 1852 587 3395 1457">
     <span class='ocr_line' id='line_1_39' title="bbox 1852 587 3388 687; baseline -0.005 -18"><span class='ocrx_word' id='word_1_216' title='bbox 1852 587 2217 669; x_wconf 76' lang='lat' dir='ltr'>PALM</span> <span class='ocrx_word' id='word_1_217' title='bbox 2244 588 2615 670; x_wconf 74' lang='lat' dir='ltr'>YRAE.</span> <span class='ocrx_word' id='word_1_218' title='bbox 3250 616 3388 687; x_wconf 62' lang='lat'>49„-</span> 
     </span>
     <span class='ocr_line' id='line_1_40' title="bbox 1869 789 3395 877; baseline 0.001 -18"><span class='ocrx_word' id='word_1_219' title='bbox 1869 796 2258 877; x_wconf 79' lang='lat' dir='ltr'>eonjectura</span> <span class='ocrx_word' id='word_1_220' title='bbox 2293 793 2611 874; x_wconf 81' lang='lat' dir='ltr'>Corfinii,</span> <span class='ocrx_word' id='word_1_221' title='bbox 2686 789 2800 876; x_wconf 89' lang='lat' dir='ltr'>qui</span> <span class='ocrx_word' id='word_1_222' title='bbox 2845 790 3228 872; x_wconf 80' lang='lat' dir='ltr'>censuerat,</span> <span class='ocrx_word' id='word_1_223' title='bbox 3278 793 3395 861; x_wconf 72' lang='lat' dir='ltr'><strong>fu..</strong></span> 
     </span>
     <span class='ocr_line' id='line_1_41' title="bbox 1865 888 3384 956; baseline -0.005 -2"><span class='ocrx_word' id='word_1_224' title='bbox 1865 893 1980 954; x_wconf 77' lang='lat' dir='ltr'>iss&#39;e</span> <span class='ocrx_word' id='word_1_225' title='bbox 2018 891 2482 954; x_wconf 86' lang='lat' dir='ltr'>Vabalathum</span> <span class='ocrx_word' id='word_1_226' title='bbox 2518 889 2731 952; x_wconf 81' lang='lat' dir='ltr'>filium</span> <span class='ocrx_word' id='word_1_227' title='bbox 2787 888 3095 951; x_wconf 79' lang='lat' dir='ltr'>Athenae</span> <span class='ocrx_word' id='word_1_228' title='bbox 3136 903 3205 953; x_wconf 85' lang='lat' dir='ltr'>et</span> <span class='ocrx_word' id='word_1_229' title='bbox 3257 895 3384 956; x_wconf 74' lang='lat' dir='ltr'>Ze.</span> 
     </span>
     <span class='ocr_line' id='line_1_42' title="bbox 1866 983 3394 1071; baseline 0 -22"><span class='ocrx_word' id='word_1_230' title='bbox 1866 988 2163 1064; x_wconf 79' lang='lat' dir='ltr'>nobiae,</span> <span class='ocrx_word' id='word_1_231' title='bbox 2216 1007 2393 1070; x_wconf 81' lang='lat' dir='ltr'>quae</span> <span class='ocrx_word' id='word_1_232' title='bbox 2445 1005 2688 1071; x_wconf 83' lang='lat' dir='ltr'>nempe</span> <span class='ocrx_word' id='word_1_233' title='bbox 2741 983 2867 1045; x_wconf 82' lang='lat' dir='ltr'>-iilo</span> <span class='ocrx_word' id='word_1_234' title='bbox 2907 983 3232 1050; x_wconf 80' lang='lat' dir='ltr'>defuncto</span> <span class='ocrx_word' id='word_1_235' title='bbox 3277 986 3394 1058; x_wconf 63' lang='lat' dir='ltr'>ah,-</span> 
     </span>
     <span class='ocr_line' id='line_1_43' title="bbox 1864 1079 3378 1168; baseline -0.001 -23"><span class='ocrx_word' id='word_1_236' title='bbox 1864 1085 2029 1146; x_wconf 73' lang='lat' dir='ltr'>terie</span> <span class='ocrx_word' id='word_1_237' title='bbox 2091 1084 2341 1168; x_wconf 82' lang='lat' dir='ltr'>nuptiis</span> <span class='ocrx_word' id='word_1_238' title='bbox 2421 1079 2785 1146; x_wconf 87' lang='lat' dir='ltr'>Odenatho</span> <span class='ocrx_word' id='word_1_239' title='bbox 2859 1080 3265 1150; x_wconf 80' lang='lat' dir='ltr'>adhaeserit.</span> <span class='ocrx_word' id='word_1_240' title='bbox 3315 1081 3378 1165; x_wconf 77' lang='lat'>⁸)</span> 
     </span>
     <span class='ocr_line' id='line_1_44' title="bbox 1864 1177 3377 1264; baseline -0.001 -23"><span class='ocrx_word' id='word_1_241' title='bbox 1864 1177 2044 1242; x_wconf 80' lang='lat' dir='ltr'>Istud</span> <span class='ocrx_word' id='word_1_242' title='bbox 2094 1198 2303 1241; x_wconf 82' lang='lat' dir='ltr'>unum</span> <span class='ocrx_word' id='word_1_243' title='bbox 2376 1198 2463 1241; x_wconf 84' lang='lat' dir='ltr'>ex</span> <span class='ocrx_word' id='word_1_244' title='bbox 2535 1179 2639 1240; x_wconf 72' lang='lat' dir='ltr'>his</span> <span class='ocrx_word' id='word_1_245' title='bbox 2706 1187 2960 1240; x_wconf 84' lang='lat' dir='ltr'>certum</span> <span class='ocrx_word' id='word_1_246' title='bbox 3036 1188 3377 1264; x_wconf 57' lang='lat' dir='ltr'>uncinus,</span> 
     </span>
     <span class='ocr_line' id='line_1_45' title="bbox 1870 1270 3380 1356; baseline -0.005 -19"><span class='ocrx_word' id='word_1_247' title='bbox 1870 1275 2386 1337; x_wconf 64' lang='lat' dir='ltr'>Athenodorum</span> <span class='ocrx_word' id='word_1_248' title='bbox 2437 1294 2519 1337; x_wconf 87' lang='lat' dir='ltr'>ac</span> <span class='ocrx_word' id='word_1_249' title='bbox 2576 1270 3036 1335; x_wconf 77' lang='lat' dir='ltr'>Vabalathum</span> <span class='ocrx_word' id='word_1_250' title='bbox 3104 1272 3380 1356; x_wconf 83' lang='lat' dir='ltr'>Palmy..</span> 
     </span>
     <span class='ocr_line' id='line_1_46' title="bbox 1865 1367 3380 1457; baseline 0.001 -26"><span class='ocrx_word' id='word_1_251' title='bbox 1865 1390 2067 1433; x_wconf 76' lang='lat' dir='ltr'>renos</span> <span class='ocrx_word' id='word_1_252' title='bbox 2105 1369 2298 1434; x_wconf 73' lang='lat' dir='ltr'>fuiss&#39;e</span> <span class='ocrx_word' id='word_1_253' title='bbox 2342 1371 2719 1457; x_wconf 60' lang='lat' dir='ltr'>principa,</span> <span class='ocrx_word' id='word_1_254' title='bbox 2770 1379 2838 1431; x_wconf 81' lang='lat' dir='ltr'>et</span> <span class='ocrx_word' id='word_1_255' title='bbox 2906 1387 2991 1430; x_wconf 83' lang='lat' dir='ltr'>ex</span> <span class='ocrx_word' id='word_1_256' title='bbox 3032 1367 3380 1434; x_wconf 82' lang='lat' dir='ltr'>Odenathi.</span> 
     </span>
    </p>
   </div>
   <div class='ocr_carea' id='block_1_5' title="bbox 1862 1463 2761 1641">
    <p class='ocr_par' dir='ltr' id='par_1_6' title="bbox 1862 1463 2761 1641">
     <span class='ocr_line' id='line_1_47' title="bbox 1862 1463 2524 1532; baseline 0.006 -3"><span class='ocrx_word' id='word_1_257' title='bbox 1862 1463 2156 1532; x_wconf 73' lang='lat' dir='ltr'>familia.</span> <span class='ocrx_word' id='word_1_258' title='bbox 2287 1510 2372 1531; x_wconf 84' lang='lat'>-.</span> <span class='ocrx_word' id='word_1_259' title='bbox 2514 1512 2524 1525; x_wconf 83' lang='grc'>-</span> 
     </span>
     <span class='ocr_line' id='line_1_48' title="bbox 2485 1558 2761 1641; baseline -0.004 -16"><span class='ocrx_word' id='word_1_260' title='bbox 2485 1564 2543 1641; x_wconf 77' lang='grc' dir='ltr'>ς.</span> <span class='ocrx_word' id='word_1_261' title='bbox 2638 1558 2761 1625; x_wconf 83' lang='lat'>111.</span> 
     </span>
    </p>
   </div>
   <div class='ocr_carea' id='block_1_6' title="bbox 1863 1692 3378 1818">
    <p class='ocr_par' dir='ltr' id='par_1_7' title="bbox 1863 1692 3378 1818">
     <span class='ocr_line' id='line_1_49' title="bbox 1863 1692 3378 1818; baseline 0.001 -35"><span class='ocrx_word' id='word_1_262' title='bbox 1863 1692 1871 1699; x_wconf 48' lang='grc'><strong>’</strong></span> <span class='ocrx_word' id='word_1_263' title='bbox 1925 1715 2026 1783; x_wconf 78' lang='lat' dir='ltr'>De</span> <span class='ocrx_word' id='word_1_264' title='bbox 2071 1735 2400 1783; x_wconf 63' lang='lat' dir='ltr'>numerum</span> <span class='ocrx_word' id='word_1_265' title='bbox 2448 1712 2672 1780; x_wconf 73' lang='lat' dir='ltr'>horum</span> <span class='ocrx_word' id='word_1_266' title='bbox 2712 1717 2936 1800; x_wconf 77' lang='lat' dir='ltr'>patria</span> <span class='ocrx_word' id='word_1_267' title='bbox 2985 1724 3045 1779; x_wconf 81' lang='lat' dir='ltr'>et</span> <span class='ocrx_word' id='word_1_268' title='bbox 3091 1726 3316 1785; x_wconf 76' lang='lat' dir='ltr'>aetate.</span> <span class='ocrx_word' id='word_1_269' title='bbox 3370 1802 3378 1818; x_wconf 28' lang='grc' dir='ltr'><em>ξ</em></span> 
     </span>
    </p>
   </div>
   <div class='ocr_carea' id='block_1_7' title="bbox 1856 1824 3383 2509">
    <p class='ocr_par' dir='ltr' id='par_1_8' title="bbox 1856 1824 3383 2509">
     <span class='ocr_line' id='line_1_50' title="bbox 1876 1824 3382 1934; baseline 0.003 -18"><span class='ocrx_word' id='word_1_270' title='bbox 1876 1844 1883 1851; x_wconf 70' lang='grc'><strong>’</strong></span> <span class='ocrx_word' id='word_1_271' title='bbox 1957 1854 2218 1916; x_wconf 83' lang='lat' dir='ltr'>Numos</span> <span class='ocrx_word' id='word_1_272' title='bbox 2254 1849 2449 1928; x_wconf 77' lang='lat' dir='ltr'><strong>hujus</strong></span> <span class='ocrx_word' id='word_1_273' title='bbox 2480 1850 2768 1934; x_wconf 68' lang='lat' dir='ltr'>gener-ie,</span> <span class='ocrx_word' id='word_1_274' title='bbox 2820 1824 3219 1932; x_wconf 60' lang='lat' dir='ltr'>quiGraece</span> <span class='ocrx_word' id='word_1_275' title='bbox 3240 1852 3382 1921; x_wconf 75' lang='lat' dir='ltr'>sunt</span> 
     </span>
     <span class='ocr_line' id='line_1_51' title="bbox 1859 1945 3379 2032; baseline 0.003 -22"><span class='ocrx_word' id='word_1_276' title='bbox 1859 1948 2196 2032; x_wconf 72' lang='lat' dir='ltr'>inscripti,</span> <span class='ocrx_word' id='word_1_277' title='bbox 2271 1945 2396 2008; x_wconf 76' lang='lat' dir='ltr'>ess‘e</span> <span class='ocrx_word' id='word_1_278' title='bbox 2471 1945 2970 2022; x_wconf 80' lang='lat' dir='ltr'>Alexandriae,</span> <span class='ocrx_word' id='word_1_279' title='bbox 3073 1961 3254 2012; x_wconf 79' lang='lat' dir='ltr'>certe</span> <span class='ocrx_word' id='word_1_280' title='bbox 3309 1952 3379 2014; x_wconf 88' lang='lat' dir='ltr'>in</span> 
     </span>
     <span class='ocr_line' id='line_1_52' title="bbox 1862 2039 3383 2125; baseline 0.003 -21"><span class='ocrx_word' id='word_1_281' title='bbox 1862 2047 2182 2125; x_wconf 79' lang='lat' dir='ltr'>Aegypto</span> <span class='ocrx_word' id='word_1_282' title='bbox 2227 2039 2605 2124; x_wconf 70' lang='lat' dir='ltr'>percuss‘os&#39;,</span> <span class='ocrx_word' id='word_1_283' title='bbox 2694 2039 2908 2101; x_wconf 83' lang='lat' dir='ltr'>multa</span> <span class='ocrx_word' id='word_1_284' title='bbox 2959 2042 3242 2124; x_wconf 84' lang='lat' dir='ltr'>docent,</span> <span class='ocrx_word' id='word_1_285' title='bbox 3313 2057 3383 2110; x_wconf 68' lang='lat' dir='ltr'>et</span> 
     </span>
     <span class='ocr_line' id='line_1_53' title="bbox 1858 2130 3380 2222; baseline 0.003 -25"><span class='ocrx_word' id='word_1_286' title='bbox 1858 2137 2151 2222; x_wconf 84' lang='lat' dir='ltr'>primum</span> <span class='ocrx_word' id='word_1_287' title='bbox 2196 2134 2467 2218; x_wconf 83' lang='lat' dir='ltr'>quidem</span> <span class='ocrx_word' id='word_1_288' title='bbox 2503 2130 2808 2209; x_wconf 75' lang='lat' dir='ltr'>fabrica,</span> <span class='ocrx_word' id='word_1_289' title='bbox 2880 2154 3055 2217; x_wconf 86' lang='lat' dir='ltr'>quae</span> <span class='ocrx_word' id='word_1_290' title='bbox 3102 2139 3168 2199; x_wconf 88' lang='lat' dir='ltr'>in</span> <span class='ocrx_word' id='word_1_291' title='bbox 3225 2140 3380 2203; x_wconf 79' lang='lat' dir='ltr'>Ale-</span> 
     </span>
     <span class='ocr_line' id='line_1_54' title="bbox 1858 2225 3376 2317; baseline 0.003 -23"><span class='ocrx_word' id='word_1_292' title='bbox 1858 2231 2210 2294; x_wconf 81' lang='lat' dir='ltr'>xandrinis</span> <span class='ocrx_word' id='word_1_293' title='bbox 2241 2246 2583 2311; x_wconf 81' lang='lat' dir='ltr'>nunquam</span> <span class='ocrx_word' id='word_1_294' title='bbox 2618 2225 2843 2309; x_wconf 83' lang='lat' dir='ltr'>fallit,</span> <span class='ocrx_word' id='word_1_295' title='bbox 2911 2230 3154 2294; x_wconf 86' lang='lat' dir='ltr'>deinde</span> <span class='ocrx_word' id='word_1_296' title='bbox 3189 2238 3376 2317; x_wconf 88' lang='lat' dir='ltr'>quod</span> 
     </span>
     <span class='ocr_line' id='line_1_55' title="bbox 1861 2323 3376 2410; baseline 0.002 -21"><span class='ocrx_word' id='word_1_297' title='bbox 1861 2326 2019 2389; x_wconf 83' lang='lat' dir='ltr'>anni</span> <span class='ocrx_word' id='word_1_298' title='bbox 2056 2325 2324 2410; x_wconf 76' lang='lat' dir='ltr'>imperii</span> <span class='ocrx_word' id='word_1_299' title='bbox 2363 2323 2703 2386; x_wconf 83' lang='lat' dir='ltr'>adduntur</span> <span class='ocrx_word' id='word_1_300' title='bbox 2744 2323 3051 2407; x_wconf 81' lang='lat' dir='ltr'>praefixo</span> <span class='ocrx_word' id='word_1_301' title='bbox 3086 2327 3142 2387; x_wconf 92' lang='lat' dir='ltr'>L</span> <span class='ocrx_word' id='word_1_302' title='bbox 3186 2348 3376 2392; x_wconf 85' lang='lat' dir='ltr'>more</span> 
     </span>
     <span class='ocr_line' id='line_1_56' title="bbox 1856 2417 3375 2509; baseline 0.002 -23"><span class='ocrx_word' id='word_1_303' title='bbox 1856 2424 2015 2486; x_wconf 88' lang='lat' dir='ltr'>inde</span> <span class='ocrx_word' id='word_1_304' title='bbox 2056 2421 2148 2485; x_wconf 84' lang='lat' dir='ltr'>ab</span> <span class='ocrx_word' id='word_1_305' title='bbox 2182 2417 2475 2505; x_wconf 78' lang='lat' dir='ltr'>Augusto</span> <span class='ocrx_word' id='word_1_306' title='bbox 2517 2420 2585 2480; x_wconf 89' lang='lat' dir='ltr'>in</span> <span class='ocrx_word' id='word_1_307' title='bbox 2623 2440 2707 2481; x_wconf 87' lang='lat' dir='ltr'>ea</span> <span class='ocrx_word' id='word_1_308' title='bbox 2759 2422 3035 2504; x_wconf 78' lang='lat' dir='ltr'>regione</span> <span class='ocrx_word' id='word_1_309' title='bbox 3074 2437 3375 2509; x_wconf 82' lang='lat' dir='ltr'>recepto,</span> 
     </span>
    </p>
   </div>
   <div class='ocr_carea' id='block_1_8' title="bbox 1857 2514 3512 2601">
    <p class='ocr_par' dir='ltr' id='par_1_9' title="bbox 1857 2514 3512 2601">
     <span class='ocr_line' id='line_1_57' title="bbox 1857 2514 3512 2601; baseline 0.001 -18"><span class='ocrx_word' id='word_1_310' title='bbox 1857 2520 2151 2600; x_wconf 82' lang='lat' dir='ltr'>denique</span> <span class='ocrx_word' id='word_1_311' title='bbox 2190 2517 2376 2600; x_wconf 88' lang='lat' dir='ltr'>quod</span> <span class='ocrx_word' id='word_1_312' title='bbox 2414 2514 2777 2577; x_wconf 81' lang='lat' dir='ltr'>Aureliano</span> <span class='ocrx_word' id='word_1_313' title='bbox 2812 2516 3191 2601; x_wconf 84' lang='lat' dir='ltr'>imperante</span> <span class='ocrx_word' id='word_1_314' title='bbox 3229 2521 3379 2584; x_wconf 81' lang='lat' dir='ltr'>nui·</span> <span class='ocrx_word' id='word_1_315' title='bbox 3505 2590 3512 2595; x_wconf 53' lang='grc'>,</span> 
     </span>
    </p>
   </div>
   <div class='ocr_carea' id='block_1_9' title="bbox 1853 2608 3375 2986">
    <p class='ocr_par' dir='ltr' id='par_1_10' title="bbox 1853 2608 3375 2986">
     <span class='ocr_line' id='line_1_58' title="bbox 1855 2608 3375 2698; baseline -0.003 -21"><span class='ocrx_word' id='word_1_316' title='bbox 1855 2614 1904 2678; x_wconf 91' lang='lat' dir='ltr'>li</span> <span class='ocrx_word' id='word_1_317' title='bbox 1965 2617 2106 2694; x_wconf 75' lang='lat' dir='ltr'>jam</span> <span class='ocrx_word' id='word_1_318' title='bbox 2161 2613 2455 2696; x_wconf 76' lang='lat' dir='ltr'>amplius</span> <span class='ocrx_word' id='word_1_319' title='bbox 2509 2613 2695 2673; x_wconf 88' lang='lat' dir='ltr'>numi</span> <span class='ocrx_word' id='word_1_320' title='bbox 2776 2608 3020 2677; x_wconf 82' lang='lat' dir='ltr'>Graeci</span> <span class='ocrx_word' id='word_1_321' title='bbox 3079 2629 3375 2698; x_wconf 81' lang='lat' dir='ltr'>praeter.</span> 
     </span>
     <span class='ocr_line' id='line_1_59' title="bbox 1856 2705 3375 2795; baseline 0.001 -21"><span class='ocrx_word' id='word_1_322' title='bbox 1856 2730 2064 2795; x_wconf 80' lang='lat' dir='ltr'>quam</span> <span class='ocrx_word' id='word_1_323' title='bbox 2104 2711 2170 2771; x_wconf 84' lang='lat' dir='ltr'>in</span> <span class='ocrx_word' id='word_1_324' title='bbox 2206 2709 2527 2791; x_wconf 80' lang='lat' dir='ltr'>Aegypto</span> <span class='ocrx_word' id='word_1_325' title='bbox 2567 2705 2798 2792; x_wconf 76' lang='lat' dir='ltr'>[ignati</span> <span class='ocrx_word' id='word_1_326' title='bbox 2842 2707 3003 2771; x_wconf 78' lang='lat' dir='ltr'>sunt.</span> <span class='ocrx_word' id='word_1_327' title='bbox 3074 2710 3375 2776; x_wconf 80' lang='lat' dir='ltr'>Vabala-</span> 
     </span>
     <span class='ocr_line' id='line_1_60' title="bbox 1853 2800 3372 2884; baseline -0.005 -14"><span class='ocrx_word' id='word_1_328' title='bbox 1853 2808 1953 2870; x_wconf 88' lang='lat' dir='ltr'>thi</span> <span class='ocrx_word' id='word_1_329' title='bbox 1988 2824 2229 2869; x_wconf 84' lang='lat' dir='ltr'>numos</span> <span class='ocrx_word' id='word_1_330' title='bbox 2273 2800 2581 2881; x_wconf 80' lang='lat' dir='ltr'>Latinos,</span> <span class='ocrx_word' id='word_1_331' title='bbox 2623 2805 2735 2884; x_wconf 89' lang='lat' dir='ltr'>qui</span> <span class='ocrx_word' id='word_1_332' title='bbox 2798 2822 3074 2866; x_wconf 82' lang='lat' dir='ltr'>comma</span> <span class='ocrx_word' id='word_1_333' title='bbox 3119 2806 3372 2872; x_wconf 54' lang='lat' dir='ltr'>Roman</span> 
     </span>
     <span class='ocr_line' id='line_1_61' title="bbox 1854 2898 3373 2986; baseline 0.001 -20"><span class='ocrx_word' id='word_1_334' title='bbox 1854 2924 2010 2966; x_wconf 88' lang='lat' dir='ltr'>num</span> <span class='ocrx_word' id='word_1_335' title='bbox 2049 2902 2434 2974; x_wconf 84' lang='lat' dir='ltr'>imitantur‚</span> <span class='ocrx_word' id='word_1_336' title='bbox 2517 2898 2871 2962; x_wconf 80' lang='lat' dir='ltr'>verifimile</span> <span class='ocrx_word' id='word_1_337' title='bbox 2933 2899 3020 2963; x_wconf 77' lang='lat' dir='ltr'>est</span> <span class='ocrx_word' id='word_1_338' title='bbox 3083 2900 3373 2986; x_wconf 72' lang='lat' dir='ltr'>[ignatoe</span> 
     </span>
    </p>
   </div>
   <div class='ocr_carea' id='block_1_10' title="bbox 1850 2991 3523 3076">
    <p class='ocr_par' dir='ltr' id='par_1_11' title="bbox 1850 2991 3523 3076">
     <span class='ocr_line' id='line_1_62' title="bbox 1850 2991 3523 3076; baseline 0.001 -14"><span class='ocrx_word' id='word_1_339' title='bbox 1850 2998 2041 3062; x_wconf 81' lang='lat' dir='ltr'>fuiss&#39;e</span> <span class='ocrx_word' id='word_1_340' title='bbox 2081 2995 2510 3072; x_wconf 81' lang='lat' dir='ltr'>Antiochiae,</span> <span class='ocrx_word' id='word_1_341' title='bbox 2564 3014 2768 3076; x_wconf 86' lang='lat' dir='ltr'>quam</span> <span class='ocrx_word' id='word_1_342' title='bbox 2804 2991 3037 3059; x_wconf 79' lang='lat' dir='ltr'>stetiss&#39;e</span> <span class='ocrx_word' id='word_1_343' title='bbox 3068 2998 3136 3059; x_wconf 89' lang='lat' dir='ltr'>in</span> <span class='ocrx_word' id='word_1_344' title='bbox 3160 3001 3371 3064; x_wconf 79' lang='lat' dir='ltr'>Zeno·</span> <span class='ocrx_word' id='word_1_345' title='bbox 3504 3010 3523 3031; x_wconf 85' lang='lat'><em>&#39;</em></span> 
     </span>
    </p>
   </div>
   <div class='ocr_carea' id='block_1_11' title="bbox 1836 3089 3420 4427">
    <p class='ocr_par' dir='ltr' id='par_1_12' title="bbox 1836 3089 3420 4427">
     <span class='ocr_line' id='line_1_63' title="bbox 1852 3089 3199 3178; baseline -0.001 -19"><span class='ocrx_word' id='word_1_346' title='bbox 1852 3095 2008 3159; x_wconf 86' lang='lat' dir='ltr'>biae</span> <span class='ocrx_word' id='word_1_347' title='bbox 2055 3090 2382 3178; x_wconf 83' lang='lat' dir='ltr'>potestate</span> <span class='ocrx_word' id='word_1_348' title='bbox 2423 3111 2509 3154; x_wconf 79' lang='lat' dir='ltr'>ex</span> <span class='ocrx_word' id='word_1_349' title='bbox 2556 3089 2819 3155; x_wconf 77' lang='lat' dir='ltr'>Zosimo</span> <span class='ocrx_word' id='word_1_350' title='bbox 2864 3092 3199 3157; x_wconf 82' lang='lat' dir='ltr'>discimus.</span> 
     </span>
     <span class='ocr_line' id='line_1_64' title="bbox 1945 3186 3376 3269; baseline -0.002 -16"><span class='ocrx_word' id='word_1_351' title='bbox 1945 3192 2199 3253; x_wconf 83' lang='lat' dir='ltr'>Eorum</span> <span class='ocrx_word' id='word_1_352' title='bbox 2222 3198 2518 3249; x_wconf 86' lang='lat' dir='ltr'>aetatem</span> <span class='ocrx_word' id='word_1_353' title='bbox 2546 3186 2840 3269; x_wconf 71' lang='lat' dir='ltr'>inscripti</span> <span class='ocrx_word' id='word_1_354' title='bbox 2879 3187 3181 3269; x_wconf 69' lang='lat' dir='ltr'>dupiicea</span> <span class='ocrx_word' id='word_1_355' title='bbox 3215 3194 3376 3255; x_wconf 80' lang='lat' dir='ltr'>anni</span> 
     </span>
     <span class='ocr_line' id='line_1_65' title="bbox 1847 3277 3373 3370; baseline -0.001 -20"><span class='ocrx_word' id='word_1_356' title='bbox 1847 3286 2120 3370; x_wconf 85' lang='lat' dir='ltr'>imperii</span> <span class='ocrx_word' id='word_1_357' title='bbox 2156 3295 2298 3344; x_wconf 84' lang='lat' dir='ltr'>tam</span> <span class='ocrx_word' id='word_1_358' title='bbox 2341 3277 2718 3355; x_wconf 83' lang='lat' dir='ltr'>Aureliani,</span> <span class='ocrx_word' id='word_1_359' title='bbox 2766 3298 2971 3363; x_wconf 85' lang='lat' dir='ltr'>quam</span> <span class='ocrx_word' id='word_1_360' title='bbox 2998 3281 3373 3351; x_wconf 83' lang='lat' dir='ltr'>Vabalathi</span> 
     </span>
     <span class='ocr_line' id='line_1_66' title="bbox 1848 3373 3369 3466; baseline -0.001 -23"><span class='ocrx_word' id='word_1_361' title='bbox 1848 3382 2167 3466; x_wconf 86' lang='lat' dir='ltr'>produnt.</span> <span class='ocrx_word' id='word_1_362' title='bbox 2204 3375 2514 3437; x_wconf 74' lang='lat' dir='ltr'>Vidimus</span> <span class='ocrx_word' id='word_1_363' title='bbox 2549 3373 2765 3450; x_wconf 70' lang='lat' dir='ltr'>inhia,</span> <span class='ocrx_word' id='word_1_364' title='bbox 2791 3394 3041 3440; x_wconf 80' lang='lat' dir='ltr'>annum</span> <span class='ocrx_word' id='word_1_365' title='bbox 3066 3379 3369 3442; x_wconf 81' lang='lat' dir='ltr'>Aurelia-</span> 
     </span>
     <span class='ocr_line' id='line_1_67' title="bbox 1846 3468 3367 3556; baseline -0.006 -16"><span class='ocrx_word' id='word_1_366' title='bbox 1846 3478 1913 3542; x_wconf 88' lang='lat' dir='ltr'>ni</span> <span class='ocrx_word' id='word_1_367' title='bbox 1937 3479 1994 3537; x_wconf 85' lang='lat' dir='ltr'>A</span> <span class='ocrx_word' id='word_1_368' title='bbox 2016 3471 2324 3556; x_wconf 79' lang='lat' dir='ltr'>coniungi</span> <span class='ocrx_word' id='word_1_369' title='bbox 2347 3489 2525 3532; x_wconf 81' lang='lat' dir='ltr'>anno</span> <span class='ocrx_word' id='word_1_370' title='bbox 2551 3468 2970 3533; x_wconf 84' lang='lat' dir='ltr'>Athenodori</span> <span class='ocrx_word' id='word_1_371' title='bbox 2983 3484 3053 3533; x_wconf 85' lang='lat' dir='ltr'>et</span> <span class='ocrx_word' id='word_1_372' title='bbox 3072 3472 3367 3538; x_wconf 82' lang='lat' dir='ltr'>Vabala.</span> 
     </span>
     <span class='ocr_line' id='line_1_68' title="bbox 1846 3566 3368 3652; baseline -0.006 -16"><span class='ocrx_word' id='word_1_373' title='bbox 1846 3573 1947 3636; x_wconf 78' lang='lat' dir='ltr'>tbi</span> <span class='ocrx_word' id='word_1_374' title='bbox 1970 3576 2049 3652; x_wconf 85' lang='grc' dir='ltr'>Δ,</span> <span class='ocrx_word' id='word_1_375' title='bbox 2070 3582 2138 3632; x_wconf 86' lang='lat' dir='ltr'>et</span> <span class='ocrx_word' id='word_1_376' title='bbox 2155 3585 2402 3631; x_wconf 81' lang='lat' dir='ltr'>annum</span> <span class='ocrx_word' id='word_1_377' title='bbox 2428 3566 2845 3628; x_wconf 81' lang='lat' dir='ltr'>AurelianiB</span> <span class='ocrx_word' id='word_1_378' title='bbox 2866 3586 3017 3630; x_wconf 79' lang='lat' dir='ltr'>cum</span> <span class='ocrx_word' id='word_1_379' title='bbox 3041 3588 3214 3631; x_wconf 86' lang='lat' dir='ltr'>anno</span> <span class='ocrx_word' id='word_1_380' title='bbox 3233 3572 3368 3633; x_wconf 57' lang='lat' dir='ltr'>Vaa</span> 
     </span>
     <span class='ocr_line' id='line_1_69' title="bbox 1848 3661 3364 3743; baseline -0.002 -10"><span class='ocrx_word' id='word_1_381' title='bbox 1848 3666 2111 3733; x_wconf 86' lang='lat' dir='ltr'>balathi</span> <span class='ocrx_word' id='word_1_382' title='bbox 2136 3665 2206 3743; x_wconf 83' lang='grc' dir='ltr'>Ε,</span> <span class='ocrx_word' id='word_1_383' title='bbox 2237 3675 2304 3726; x_wconf 87' lang='lat' dir='ltr'>et</span> <span class='ocrx_word' id='word_1_384' title='bbox 2325 3661 2407 3724; x_wconf 85' lang='lat' dir='ltr'>fic</span> <span class='ocrx_word' id='word_1_385' title='bbox 2427 3662 2653 3724; x_wconf 72' lang='lat' dir='ltr'>rcum</span> <span class='ocrx_word' id='word_1_386' title='bbox 2672 3681 2729 3739; x_wconf 80' lang='grc' dir='ltr'>ς,</span> <span class='ocrx_word' id='word_1_387' title='bbox 2754 3672 2822 3725; x_wconf 88' lang='lat' dir='ltr'>et</span> <span class='ocrx_word' id='word_1_388' title='bbox 2843 3666 2897 3727; x_wconf 94' lang='grc' dir='ltr'>Δ</span> <span class='ocrx_word' id='word_1_389' title='bbox 2917 3681 3072 3726; x_wconf 84' lang='lat' dir='ltr'>cum</span> <span class='ocrx_word' id='word_1_390' title='bbox 3112 3663 3182 3730; x_wconf 90' lang='lat' dir='ltr'>Z.</span> <span class='ocrx_word' id='word_1_391' title='bbox 3225 3661 3364 3730; x_wconf 65' lang='lat' dir='ltr'>Du-</span> 
     </span>
     <span class='ocr_line' id='line_1_70' title="bbox 1848 3755 3362 3840; baseline -0.003 -14"><span class='ocrx_word' id='word_1_392' title='bbox 1848 3763 2032 3827; x_wconf 85' lang='lat' dir='ltr'>bium</span> <span class='ocrx_word' id='word_1_393' title='bbox 2074 3781 2214 3824; x_wconf 87' lang='lat' dir='ltr'>non</span> <span class='ocrx_word' id='word_1_394' title='bbox 2251 3755 2363 3839; x_wconf 79' lang='lat' dir='ltr'>est,</span> <span class='ocrx_word' id='word_1_395' title='bbox 2417 3760 2625 3818; x_wconf 83' lang='lat' dir='ltr'>etiam</span> <span class='ocrx_word' id='word_1_396' title='bbox 2668 3778 2882 3835; x_wconf 77' lang='lat' dir='ltr'>annos</span> <span class='ocrx_word' id='word_1_397' title='bbox 2928 3763 3192 3840; x_wconf 85' lang='lat' dir='ltr'>imperii</span> <span class='ocrx_word' id='word_1_398' title='bbox 3231 3764 3362 3824; x_wconf 63' lang='lat' dir='ltr'>Va-</span> 
     </span>
     <span class='ocr_line' id='line_1_71' title="bbox 1842 3853 3420 3937; baseline -0.001 -15"><span class='ocrx_word' id='word_1_399' title='bbox 1842 3857 2107 3923; x_wconf 77' lang='lat' dir='ltr'>balathi</span> <span class='ocrx_word' id='word_1_400' title='bbox 2163 3858 2254 3921; x_wconf 83' lang='lat' dir='ltr'>ad</span> <span class='ocrx_word' id='word_1_401' title='bbox 2313 3871 2573 3915; x_wconf 77' lang='lat' dir='ltr'>morem</span> <span class='ocrx_word' id='word_1_402' title='bbox 2631 3854 3124 3937; x_wconf 76' lang='lat' dir='ltr'>Aegyptiorum</span> <span class='ocrx_word' id='word_1_403' title='bbox 3174 3853 3365 3922; x_wconf 79' lang='lat' dir='ltr'>fuiss‘e</span> <span class='ocrx_word' id='word_1_404' title='bbox 3409 3870 3420 3876; x_wconf 83' lang='lat'>&#39;</span> 
     </span>
     <span class='ocr_line' id='line_1_72' title="bbox 1839 3948 3366 4038; baseline -0.001 -19"><span class='ocrx_word' id='word_1_405' title='bbox 1839 3967 2167 4030; x_wconf 72' lang='lat' dir='ltr'>exactoS,</span> <span class='ocrx_word' id='word_1_406' title='bbox 2218 3952 2304 4016; x_wconf 85' lang='lat' dir='ltr'>fic</span> <span class='ocrx_word' id='word_1_407' title='bbox 2350 3960 2427 4011; x_wconf 89' lang='lat' dir='ltr'>ut</span> <span class='ocrx_word' id='word_1_408' title='bbox 2479 3948 2554 4010; x_wconf 81' lang='lat' dir='ltr'>hi</span> <span class='ocrx_word' id='word_1_409' title='bbox 2617 3948 2727 4010; x_wconf 87' lang='lat' dir='ltr'>die</span> <span class='ocrx_word' id='word_1_410' title='bbox 2782 3951 3027 4015; x_wconf 73' lang='lat' dir='ltr'>xxix.</span> <span class='ocrx_word' id='word_1_411' title='bbox 3093 3953 3366 4038; x_wconf 84' lang='lat' dir='ltr'>Augusti</span> 
     </span>
     <span class='ocr_line' id='line_1_73' title="bbox 1836 4047 3361 4129; baseline -0.001 -14"><span class='ocrx_word' id='word_1_412' title='bbox 1836 4053 2265 4115; x_wconf 81' lang='lat' dir='ltr'>iterarentur.</span> <span class='ocrx_word' id='word_1_413' title='bbox 2317 4047 2495 4129; x_wconf 86' lang='lat' dir='ltr'>Ergo</span> <span class='ocrx_word' id='word_1_414' title='bbox 2515 4047 2838 4126; x_wconf 81' lang='lat' dir='ltr'>quoniam</span> <span class='ocrx_word' id='word_1_415' title='bbox 2870 4047 3216 4113; x_wconf 74' lang='lat' dir='ltr'>Aureliani</span> <span class='ocrx_word' id='word_1_416' title='bbox 3244 4072 3361 4113; x_wconf 86' lang='lat' dir='ltr'>an·</span> 
     </span>
     <span class='ocr_line' id='line_1_74' title="bbox 1837 4140 3365 4224; baseline -0.001 -13"><span class='ocrx_word' id='word_1_417' title='bbox 1837 4168 1963 4210; x_wconf 84' lang='lat' dir='ltr'>nus</span> <span class='ocrx_word' id='word_1_418' title='bbox 1996 4151 2094 4224; x_wconf 87' lang='lat' dir='ltr'>A,</span> <span class='ocrx_word' id='word_1_419' title='bbox 2146 4157 2222 4208; x_wconf 87' lang='lat' dir='ltr'>ut</span> <span class='ocrx_word' id='word_1_420' title='bbox 2255 4144 2370 4207; x_wconf 81' lang='lat' dir='ltr'>suo</span> <span class='ocrx_word' id='word_1_421' title='bbox 2420 4140 2578 4202; x_wconf 92' lang='lat' dir='ltr'>loco</span> <span class='ocrx_word' id='word_1_422' title='bbox 2636 4141 2975 4218; x_wconf 68' lang='grc' dir='ltr'>ἀίκιωιιε,</span> <span class='ocrx_word' id='word_1_423' title='bbox 3048 4149 3365 4209; x_wconf 86' lang='lat' dir='ltr'>currebat</span> 
     </span>
     <span class='ocr_line' id='line_1_75' title="bbox 1838 4234 3363 4321; baseline -0.003 -14"><span class='ocrx_word' id='word_1_424' title='bbox 1838 4256 1992 4307; x_wconf 88' lang='lat' dir='ltr'>ante</span> <span class='ocrx_word' id='word_1_425' title='bbox 2031 4244 2285 4305; x_wconf 85' lang='lat' dir='ltr'>dictum</span> <span class='ocrx_word' id='word_1_426' title='bbox 2347 4234 2528 4303; x_wconf 88' lang='lat' dir='ltr'>diem</span> <span class='ocrx_word' id='word_1_427' title='bbox 2578 4238 2740 4300; x_wconf 84' lang='lat' dir='ltr'>anni</span> <span class='ocrx_word' id='word_1_428' title='bbox 2776 4242 2862 4306; x_wconf 86' lang='lat' dir='ltr'>V.</span> <span class='ocrx_word' id='word_1_429' title='bbox 2900 4238 2977 4303; x_wconf 90' lang='lat' dir='ltr'>C.</span> <span class='ocrx_word' id='word_1_430' title='bbox 3044 4259 3223 4321; x_wconf 78' lang='lat'>1023</span> <span class='ocrx_word' id='word_1_431' title='bbox 3284 4242 3363 4303; x_wconf 86' lang='lat' dir='ltr'>P.</span> 
     </span>
     <span class='ocr_line' id='line_1_76' title="bbox 1836 4331 3363 4427; baseline -0.005 -24"><span class='ocrx_word' id='word_1_432' title='bbox 1836 4341 1920 4403; x_wconf 79' lang='lat' dir='ltr'>X.</span> <span class='ocrx_word' id='word_1_433' title='bbox 1982 4355 2124 4419; x_wconf 73' lang='lat'>270</span> <span class='ocrx_word' id='word_1_434' title='bbox 2154 4385 2175 4420; x_wconf 89' lang='lat'><strong>,</strong></span> <span class='ocrx_word' id='word_1_435' title='bbox 2239 4332 2492 4400; x_wconf 79' lang='lat' dir='ltr'>neceffe</span> <span class='ocrx_word' id='word_1_436' title='bbox 2572 4331 2696 4410; x_wconf 77' lang='lat' dir='ltr'>est,</span> <span class='ocrx_word' id='word_1_437' title='bbox 2787 4336 3030 4398; x_wconf 86' lang='lat' dir='ltr'>eodem</span> <span class='ocrx_word' id='word_1_438' title='bbox 3058 4354 3363 4427; x_wconf 56' lang='lat' dir='ltr'>&#39;‘1¹:¹⁰‘l&#39;roe</span> 
     </span>
    </p>
   </div>
   <div class='ocr_carea' id='block_1_12' title="bbox 194 4421 3363 4609">
    <p class='ocr_par' dir='ltr' id='par_1_13' title="bbox 194 4421 3363 4609">
     <span class='ocr_line' id='line_1_77' title="bbox 206 4421 3363 4522; baseline 0.003 -33"><span class='ocrx_word' id='word_1_439' title='bbox 206 4436 414 4489; x_wconf 82' lang='lat' dir='ltr'>etura</span> <span class='ocrx_word' id='word_1_440' title='bbox 457 4421 771 4492; x_wconf 84' lang='lat' dir='ltr'>habetur.</span> <span class='ocrx_word' id='word_1_441' title='bbox 825 4429 1085 4492; x_wconf 81' lang='lat' dir='ltr'>Eodem</span> <span class='ocrx_word' id='word_1_442' title='bbox 1125 4431 1280 4495; x_wconf 91' lang='lat' dir='ltr'>loco</span> <span class='ocrx_word' id='word_1_443' title='bbox 1325 4437 1630 4519; x_wconf 81' lang='lat' dir='ltr'>putanda</span> <span class='ocrx_word' id='word_1_444' title='bbox 1671 4432 1761 4497; x_wconf 80' lang='lat' dir='ltr'>est</span> <span class='ocrx_word' id='word_1_445' title='bbox 1833 4447 2146 4522; x_wconf 81' lang='lat' dir='ltr'>tempore</span> <span class='ocrx_word' id='word_1_446' title='bbox 2207 4428 2464 4496; x_wconf 81' lang='lat' dir='ltr'>fluxiss&#39;e</span> <span class='ocrx_word' id='word_1_447' title='bbox 2533 4428 2906 4493; x_wconf 73' lang='lat' dir='ltr'>Vabalathi</span> <span class='ocrx_word' id='word_1_448' title='bbox 2950 4449 3198 4493; x_wconf 80' lang='lat' dir='ltr'>annum</span> <span class='ocrx_word' id='word_1_449' title='bbox 3258 4436 3312 4497; x_wconf 89' lang='grc' dir='ltr'>Δ</span> <span class='ocrx_word' id='word_1_450' title='bbox 3339 4482 3363 4516; x_wconf 84' lang='lat'><em>,</em></span> 
     </span>
     <span class='ocr_line' id='line_1_78' title="bbox 194 4564 3359 4609; baseline 0.003 -26"><span class='ocrx_word' id='word_1_451' title='bbox 194 4564 3359 4609; x_wconf 65' lang='lat'>·-----—-——-——--—-÷—-——--—----—-—-----———-—-</span> 
     </span>
    </p>
   </div>
   <div class='ocr_carea' id='block_1_13' title="bbox 276 4634 733 4708">
    <p class='ocr_par' dir='ltr' id='par_1_14' title="bbox 276 4634 733 4708">
     <span class='ocr_line' id='line_1_79' title="bbox 276 4634 733 4708; baseline 0.002 -19"><span class='ocrx_word' id='word_1_452' title='bbox 276 4638 340 4703; x_wconf 68' lang='lat' dir='ltr'>a)</span> <span class='ocrx_word' id='word_1_453' title='bbox 383 4634 424 4691; x_wconf 76' lang='lat' dir='ltr'>l.</span> <span class='ocrx_word' id='word_1_454' title='bbox 463 4650 512 4688; x_wconf 80' lang='lat' dir='ltr'>e.</span> <span class='ocrx_word' id='word_1_455' title='bbox 551 4651 609 4708; x_wconf 77' lang='lat' dir='ltr'>p.</span> <span class='ocrx_word' id='word_1_456' title='bbox 648 4648 733 4707; x_wconf 76' lang='lat'>33.</span> 
     </span>
    </p>
   </div>
  </div>
 </body>
</html>
