4242 5459
1172 457 2004 545 PEscssumvs
2102 462 2547 542 mGER.
2833 431 2839 446 '
2891 443 2897 449 ’
3284 484 3412 552 ια,

259 677 384 766 qui
425 673 654 755 hujus
692 663 1040 757 potestatis
1077 669 1417 733 mentione
1438 667 1505 730 in
1545 679 1827 732 moneta
1905 687 2035 755 pra
2051 665 2383 753 descripti,
2410 661 2769 730 inscribere
2812 653 3431 743 AHMAPXIKHC.

268 769 658 847 abstinuit,
715 770 903 848 cujus
942 784 1066 851 ego
1104 765 1312 837 aliam
1365 763 1632 828 causam
1687 783 1827 827 non
1907 764 2368 840 ΕΞΟΤΕΙΑΕ,
2443 763 2780 827 tribunicia
2848 768 3175 853 potestate,
3248 771 3438 850 quod
3536 763 3540 768 ’

267 870 592 956 reperio,
647 882 859 948 quam
894 864 1076 945 quod
1113 880 1196 924 ea
1226 881 1270 925 a
1300 860 1530 923 senatu
1571 858 1833 923 solebat
1909 873 2140 925 tamen
2163 861 2381 923 iudea
2407 857 2737 940 Traiano,
2787 869 2855 923 e't
2877 862 3196 946 deinceps
3224 866 3445 928 omni·

273 963 643 1038 conferri,
700 960 814 1021 hic
851 977 1013 1021 vero
1052 957 1338 1043 primum
1368 975 1492 1041 per
1532 955 1830 1031 Iuliani,
1912 955 2040 1020 bus
2069 954 2596 1019 tetradrachmis
2647 954 3067 1041 inscripsere,
3120 956 3441 1041 suffecta,

276 1061 541 1126 deinde
584 1056 832 1120 Severi
851 1066 1100 1117 metum
1142 1047 1451 1116 conferre
1500 1057 1652 1116 eam
1692 1070 1830 1115 non
1915 1054 2097 1138 quod
2133 1071 2477 1135 nunquam
2507 1052 2683 1114 alias
2703 1049 2988 1135 factum,
3039 1056 3440 1143 epigraphe:

272 1157 533 1246 potuit.
596 1148 763 1216 Post
815 1152 997 1235 quod
1031 1148 1418 1232 exemplum
1460 1167 1677 1232 neque
1700 1151 1831 1210 An·
1911 1148 2337 1218 HPONOIA.
2377 1146 2663 1216 ΘΕωΝ.

276 1251 600 1319 tiocheni
632 1245 777 1314 ausi
812 1246 959 1312 sunt
995 1249 1134 1332 ejus
1165 1265 1375 1311 numo
1396 1291 1422 1330 ,
1474 1263 1678 1328 quem
1732 1241 1832 1308 su-

1600 1529 1817 1602 PRE
1837 1533 1955 1602 TI
1974 1530 2162 1602 VM.

292 1720 643 1808 commatis
696 1671 1011 1796 Romani.-

430 1847 437 1852 ·
487 1833 821 1902 Aureus,
873 1826 959 1888 de
991 1842 1129 1908 quo
1161 1822 1360 1920 supra
1406 1825 1476 1888 in
1506 1819 2049 1891 CONCORDIA
2174 1863 2202 1877 -
2399 1821 2446 1880 ·‘
2623 1863 2650 1878 -
2847 1863 2872 1878 ·
3065 1830 3345 1904 Vnicus.

499 1922 842 2007 Argentei
3052 1925 3264 1997 ΗΚΒ.

500 2018 724 2082 Aenei
780 2019 1235 2101 cujuscunque
1283 2016 1554 2082 formae
1748 2054 1774 2068 -
1948 2053 1974 2068 -
2167 2049 2194 2066 -
2391 2052 2415 2066 -
2613 2050 2637 2066 .
2832 2052 2857 2067 .
3055 2020 3141 2083 ο,

303 2113 645 2183 commatis
685 2117 1018 2198 peregrini
1046 2139 1070 2179 .·
2546 2183 2557 2195 ι

498 2211 799 2278 Vrbium
850 2208 1259 2305 liberarum,
1311 2221 1379 2274 et
1411 2207 1838 2273 coloniarum
1933 2241 1971 2257 -
2164 2243 2190 2257 -
2383 2242 2411 2257 -
2608 2239 2635 2256 -
2831 2245 2860 2263 .
3051 2208 3329 2283 RRRR„

1290 2497 1800 2569 CLODIVS
1905 2495 2470 2565 ALBINVS.

405 2678 506 2757 D.
548 2687 831 2760 Clodius
870 2690 1237 2782 Septimius
1261 2691 1545 2757 Albinus
1580 2695 1848 2760 Hadru.
1926 2694 2100 2758 rium
2128 2706 2364 2759 contra
2401 2690 2737 2759 Iulianum
2775 2695 3296 2763 nundinatorem
3326 2723 3446 2768 vo.

312 2792 612 2855 metinus
672 2814 759 2857 ex
833 2789 1071 2855 Africa
1137 2789 1408 2853 familia
1467 2792 1722 2869 nobili,
1792 2798 1848 2870 ¹)
1930 2803 2206 2871 carent,
2259 2791 2545 2865 Albinus
2583 2812 2628 2854 a
2668 2789 3250 2872 suis(Britanniae
3304 2795 3489 2865 tuni‘

320 2907 538 2970 quam
573 2889 961 2978 derivatam
998 2885 1225 2951 ferunt
1269 2907 1313 2948 a
1346 2883 1740 2970 l’ostumiiS,
1785 2901 1853 2951 et
1929 2882 2281 2974 praeerat)
2331 2889 2705 2976 imperator
2751 2886 2842 2952 est
2877 2891 3165 2975 agnitus}
3220 2899 3310 2958 At
3332 2898 3446 2961 Se·

319 2981 598 3048 Albinia
630 2986 1100 3049 Romanorum
1123 3029 1142 3061 ,
1180 2972 1247 3073 b)
1300 2994 1632 3066 natusque
1656 2997 1851 3069 patre
1929 3005 2131 3048 verus
2163 2983 2413 3047 bellum
2475 2986 2545 3047 in
2585 2983 2921 3049 Iulianum
2946 3033 2967 3065 ,
3020 2999 3091 3050 et
3124 2989 3310 3055 urbis
3337 3013 3448 3058 ca-

328 3075 621 3155 Ceionio
648 3077 1014 3159 Postumo,
1075 3091 1296 3142 matre
1348 3081 1626 3142 Aurelia
1672 3080 1848 3143 Mer.
1928 3080 2220 3164 piendae
2276 3079 2620 3144 consilium
2682 3082 2915 3145 animo
2969 3084 3280 3167 versane,
3360 3109 3450 3155 ne

326 3173 565 3238 salina.
618 3181 667 3258 θ)
771 3182 831 3244 Δ
886 3177 986 3241 Μ.
1025 3174 1352 3251 Aurelio,
1425 3177 1533 3238 cui
1571 3189 1850 3260 propter
1930 3179 2081 3260 quis
2115 3174 2231 3238 sibi
2262 3175 2352 3239 ab
2401 3176 2648 3239 Albino
2687 3191 2905 3242 metus
2954 3178 3150 3259 esl'et,
3207 3180 3450 3249 caesa·

318 3269 579 3351 fidem,
634 3286 702 3338 et
742 3272 1022 3337 laudem
1063 3270 1380 3336 bellicam
1432 3291 1628 3335 carus
1674 3271 1848 3353 fuit,
1928 3291 2069 3334 rem
2105 3291 2259 3334 eum
2301 3292 2423 3357 per
2451 3274 2686 3335 literas
2729 3272 3086 3352 salutavit,
3138 3296 3273 3360 quo
3320 3280 3445 3344 be-

256 3405 289 3418 —
319 3369 435 3435 ad
471 3369 877 3454 dignitatem
937 3381 1004 3432 et
1045 3367 1461 3431 consulatum
1500 3365 1847 3431 suffectum
1928 3366 2360 3433 nevolentiae
2425 3365 2805 3431 testimonio
2863 3368 2977 3432 etsi
3031 3367 3266 3435 fucato
3305 3418 3326 3450 ,
3380 3387 3451 3441 et

315 3477 690 3554 promotus
730 3463 836 3531 est.
871 3454 936 3544 ὅ)
990 3462 1376 3527 Commodo
1423 3481 1635 3546 usque
1668 3464 1847 3528 adeo
1929 3483 2050 3548 per
2096 3476 2352 3526 metum
2407 3473 2678 3525 extorto
2741 3463 2843 3526 ita
2910 3462 3028 3525 fibi
3100 3463 3450 3535 hominem

315 3561 663 3650 gratiosus
704 3560 857 3639 fuit,
910 3572 984 3623 ut
1020 3580 1170 3623 eum
1204 3561 1382 3623 datis
1413 3559 1647 3636 literis,
1681 3577 1850 3642 quas
1934 3559 2281 3621 credulum
2314 3557 2661 3634 devinxit,
2713 3569 2787 3619 ut
2832 3557 3157 3622 hactenus
3212 3562 3279 3627 in
3322 3565 3450 3629 ob-

315 3658 761 3725 conservavit
800 3656 1256 3741 Capitolinus,
1308 3657 1400 3720 ad
1442 3655 1849 3740 capiendum
1934 3653 2162 3739 sequio
2195 3667 2264 3718 et
2297 3653 2430 3719 fide
2457 3653 2773 3719 adversus
2792 3653 3117 3724 Severum
3154 3658 3450 3745 perfific—
3493 3685 3524 3708 ⁴·

314 3755 642 3821 Caesaris
675 3754 951 3817 titulum
984 3753 1329 3830 invitaret,
1383 3771 1583 3837 quem
1621 3749 1853 3815 tame'n
1932 3763 2058 3815 ret.
2101 3739 2160 3834 f)

306 3855 379 3918 ia
398 3854 767 3930 honorem,
821 3869 971 3914 cum
993 3848 1358 3913 Commodi
1379 3849 1632 3911 exitum
1659 3867 1852 3933 prae-

303 3951 594 4014 videret
633 3950 866 4011 animo
894 3992 915 4025 ,
968 3959 1165 4010 caute
1206 3946 1611 4008 detrectavit
1648 3945 1708 4028 ἓ)
1750 3945 1854 4009 In·
2267 3904 2353 3972 V·
2406 3904 2471 3970 C·
2519 3908 2696 3991 94⁶·'
2724 3908 2806 3973 P·
2846 3907 2930 3973 X·
2969 3929 3106 3993 ¹93·

300 4046 617 4113 terfecto
652 4044 1011 4107 Pertinace
1047 4061 1202 4105 curn
1240 4039 1519 4126 Nigrum
1554 4041 1854 4126 legiones
2200 3995 2584 4069 CAESAR·
2624 4003 2804 4070 COS·
2840 4003 3045 4071 ΗΕΒ·
3085 4008 3184 4076 H·

298 4145 611 4230 Syriae,
657 4140 988 4204 Severum
1051 4138 1445 4201 Pannoniae
1496 4139 1587 4201 ad
1634 4138 1856 4223 impe·
2035 4133 2325 4200 Severus
2366 4136 2562 4201 caeso
2600 4137 2864 4204 Iuliano
2899 4153 2965 4204 et
2994 4143 3218 4210 Roma
3245 4161 3456 4235 capta
3555 4133 3562 4140 ⁰

292 4454 344 4528 5>
375 4377 1016 4516 Ἑῑὲἳῆἷιῖὶῖίιῗξ
1059 4460 1139 4515 15.
1217 4372 1276 4444 b)
1308 4372 1456 4432 Ibin.
1486 4392 1531 4432 ⁶⁶
1564 4387 1618 4441 ⁴⁹
1816 4417 1827 4428 '
1868 4375 1921 4442 ⁸)
1955 4372 2105 4439 ΜΦ
2349 4373 2414 4447 ⁶)
2451 4374 2595 4434 Μ·
2632 4393 2680 4432 ‘⁰
2720 4362 2802 4438 ὦ·
3042 4383 3103 4451 ⁰)
3133 4380 3279 4438 lbid·
3317 4399 3364 4439 ο·
3402 4397 3454 4436 ¹·

404 4526 617 4620 (Vol.
657 4520 884 4607 Vll.)
1977 4505 1991 4519 '
3012 4521 3077 4592 x
