4242 5459
980 628 1123 694 412

985 837 1071 880 ex
1127 835 1260 901 quo
1314 810 1811 883 Aemilianum,
1878 806 1994 887 qui
2056 806 2125 869 in
2182 806 2500 887 Aegypto

980 914 1340 998 imperium
1366 903 1630 990 sumpsit
1651 951 1667 979 ,
1724 902 2210 986 occupatisque
2240 899 2501 962 horreis

987 1009 1204 1072 multa
1242 1005 1504 1090 oppida
1539 999 1721 1061 fame
1750 996 2021 1083 pressit,
2075 1016 2109 1058 e
2155 995 2381 1058 medio
2407 993 2500 1055 su-

989 1102 1186 1167 stulit.
1224 1103 1284 1183 ⁸)
1338 1094 1602 1181 Praesto
1640 1093 1784 1155 sunt
1814 1094 1993 1155 Nero
2039 1109 2121 1154 ac
2169 1088 2500 1153 Commo.

991 1201 1160 1277 dus,
1217 1213 1503 1279 quorum
1536 1191 1649 1252 ille
1684 1188 1974 1272 Apollo,
2025 1186 2137 1250 hic
2178 1185 2502 1249 Hercules

991 1314 1130 1359 non
1168 1291 1407 1357 haberi
1440 1287 1691 1361 solum,
1746 1302 1979 1346 verum
2019 1285 2225 1345 etiam
2265 1283 2505 1342 utrius·

940 1472 945 1481 ι
995 1412 1126 1476 que
1160 1386 1502 1453 attributis
1549 1379 1827 1464 insignes
1859 1380 1926 1440 in
1968 1390 2245 1441 moneta
2290 1375 2505 1460 publi·

994 1509 1079 1554 ca
1119 1484 1413 1571 proponi
1452 1478 1756 1544 voluere.
1842 1474 1911 1537 Si
1943 1474 2134 1537 illum
2170 1476 2240 1535 in
2285 1473 2505 1535 nuruis

994 1583 1326 1649 habemus
1383 1574 1813 1662 Apollinem,
1874 1569 2053 1632 hunc
2108 1568 2507 1648 Herculem,

997 1700 1085 1744 an
1126 1672 1566 1747 incredibile,
1620 1665 2002 1737 Gallienum
2046 1684 2169 1750 pro
2208 1665 2357 1749 pari
2395 1663 2509 1727 sua

995 1775 1252 1839 insania
1293 1787 1428 1832 nou
1475 1764 1853 1829 aversatum
1893 1761 2188 1833 mulieris
2222 1778 2507 1835 nomen,

998 1885 1206 1955 atque
1246 1865 1476 1951 ipsam·
1516 1862 1725 1925 etiam
1765 1857 2180 1943 fecunditatis
2208 1854 2507 1932 laudem,

1003 1969 1118 2053 qui
1180 1963 1409 2028 omnia
1442 1957 1743 2023 mulieris
1772 1954 2012 2017 habuit
2034 1999 2053 2030 ,
2107 1963 2178 2013 et
2209 1950 2507 2014 mulieris

998 2065 1137 2151 ipse
1182 2059 1364 2125 cultu
1414 2055 1679 2144 publice
1737 2050 2109 2137 processit?
2176 2048 2360 2110 Novi
2395 2067 2507 2111 ex·

998 2159 1251 2233 sistere,
1303 2156 1418 2239 qui
1465 2150 1846 2215 Gallienum
1894 2146 2141 2210 fortem
2184 2164 2267 2209 ac
2313 2143 2508 2228 impi-

1000 2278 1187 2344 grum
1209 2300 1229 2332 ,
1284 2265 1350 2315 et
1379 2250 1639 2332 semper
1678 2243 1858 2307 bello
1880 2253 2287 2327 occupatum
2321 2238 2511 2305 fuisse

938 2358 946 2365 ’
1001 2353 1350 2426 adferant,
1400 2341 1742 2407 imbellem
1775 2360 1986 2422 vero,
2059 2357 2141 2400 ac
2195 2336 2510 2401 omnibus

1000 2447 1275 2533 flagitiis
1333 2440 1657 2506 infamem
1724 2437 1861 2499 dici
1923 2456 1967 2498 a
2023 2433 2507 2518 scriptoribus,

1004 2544 1189 2632 quod
1226 2543 1296 2605 hi
1339 2536 1601 2603 adulati
1651 2532 1932 2597 nimium
1982 2529 2173 2595 fuere
2218 2528 2372 2591 aevi
2414 2527 2510 2589 sui

996 2638 1446 2729 principibus,
1499 2630 1612 2716 qui
1648 2648 1689 2692 a
1730 2626 2018 2691 Claudio
2044 2624 2338 2689 Gallieni
2375 2623 2507 2686 suc-

1003 2738 1251 2800 cessore
1285 2733 1347 2795 se
1365 2748 1569 2815 genus
1592 2727 1834 2813 ducere
1854 2722 1995 2786 sunt
2018 2719 2323 2808 professi,
2352 2738 2510 2780 nam

1000 2830 1213 2895 multo
1254 2823 1585 2891 diversum
1640 2817 1759 2881 [isti
1805 2817 2188 2881 Gallienum
2214 2866 2245 2897 ,
2291 2813 2332 2875 fi
2374 2817 2510 2893 ejus

1003 2923 1202 3010 ipsius
1236 2938 1477 2985 numos
1528 2914 1867 2978 audimuS.
1917 2915 1991 2976 ln
2028 2913 2162 2975 hac
2192 2909 2515 2983 sententia

1002 3019 1192 3083 fuisse
1251 3013 1714 3092 Harduinum,
1777 3010 1975 3093 supra
2028 3007 2371 3083 vidimus»,
2449 3019 2515 3070 et

1002 3116 1209 3180 serius
1248 3115 1426 3176 idem
1471 3105 1655 3170 renflt
1695 3107 1994 3169 eruditus
2045 3103 2513 3188 Brequignyus

1002 3215 1070 3277 in
1106 3211 1217 3274 sua
1280 3205 1573 3273 Postumi
1612 3203 1778 3266 vita.
1809 3190 1873 3279 1’)
1925 3199 2157 3264 Facile
2201 3200 2514 3284 permise-

1003 3327 1083 3373 ro
1113 3357 1137 3386 ,
1182 3306 1371 3371 fuisse
1405 3300 1700 3366 Gallieni
1733 3298 1904 3365 vitia
1955 3298 2024 3359 in
2057 3298 2242 3381 pejus
2285 3307 2514 3372 aucta,

866 3398 877 3411 ⁴
1002 3421 1232 3473 tamen
1287 3398 1611 3472 difficile,
1678 3406 1778 3458 tot
1846 3391 2348 3464 historicorum,
2402 3395 2515 3474 qui

1002 3508 1071 3568 in
1106 3497 1509 3566 effeminatis
1548 3495 1686 3573 ejus
1731 3490 2029 3554 moribus
2068 3487 2514 3552 describendis

1007 3600 1455 3671 consentiunt,
1508 3588 1684 3654 velle
1718 3586 1921 3651 fidem
1942 3584 2249 3660 elevare,
2301 3593 2368 3645 et
2409 3583 2515 3646 his

1004 3692 1351 3779 praeferre
1407 3704 1689 3763 numos,
1755 3685 1870 3769 qui
1910 3683 2289 3767 principum
2344 3680 2516 3743 vitia

1007 3788 1444 3865 dissimulant,
1495 3782 1776 3845 virtutes
1811 3777 2172 3862 adfingunt.
2225 3775 2382 3837 Non
2408 3796 2512 3838 ne-

1008 3902 1261 3968 gavero
1294 3885 1495 3943 etiam
1526 3922 1545 3952 ,
1594 3875 1976 3940 Gallienum
2016 3873 2352 3957 principio
2380 3892 2512 3935 non

1008 3978 1319 4062 vulgaria
1384 3971 1628 4037 dedisse
1678 3973 1944 4034 virtutis
2007 3961 2511 4054 experimenta,

1007 4073 1280 4137 subinde
1320 4090 1485 4131 vero
1525 4067 1721 4129 victis
1756 4068 2051 4151 Ingenuo
2091 4077 2158 4126 et
2199 4064 2511 4148 Regalia-

1006 4189 1139 4246 no,
1209 4166 1541 4244 rebusque
1602 4162 2013 4246 supra-vota
2079 4161 2511 4238 cedentibus,

1008 4280 1081 4329 ut
1120 4258 1682 4349 perhihetVictor
1716 4257 1784 4317 in
1827 4255 2208 4329 Caesarib.,
2260 4253 2516 4319 factum

1012 4362 1396 4426 solutiorem
1416 4402 1434 4431 ,
1488 4362 1553 4415 et
1579 4371 1719 4412 rem
1743 4352 2126 4413 Romanam
2147 4349 2324 4430 quan
2353 4370 2511 4413 nau.

1004 4456 1227 4541 fragio
1290 4450 1571 4523 dediffe3
1635 4447 1822 4510 addo
1874 4447 2077 4508 etiam
2111 4491 2130 4521 ,
2204 4444 2512 4508 accidisse

2128 569 2918 681 'GALLIENva

2591 822 3112 890 nonnunquam,
3205 820 3277 870 ut
3332 808 3695 894 urgentibus
3753 805 3981 892 periculis

2594 914 2938 965 excuteret
2973 921 3315 970 veternum
3339 950 3362 983 ‚
3380 963 3388 975 ,,
3413 916 3477 967 et
3510 906 3837 986 adtempus
3862 914 3979 965 vete-

2591 1014 2732 1058 rem
2775 999 3091 1065 virtutem
3139 1011 3508 1063 revocaret.
3573 999 3882 1079 Vtriusque
3910 1015 3978 1056 ex·

2592 1092 2888 1179 emplum
2928 1097 3143 1161 multo
3203 1107 3355 1158 ante
3400 1095 3580 1157 dedit
3627 1096 3709 1160 M.
3741 1091 3979 1156 Antonius

2585 1186 2811 1253 Illvir.

2688 1284 3094 1351 Postremam
3138 1287 3314 1350 hanc
3364 1284 3735 1353 sententiam
3777 1276 3813 1342 si
3855 1276 3980 1342 mali·

2591 1400 2742 1443 mus
2777 1382 3136 1468 amplecti,
3178 1382 3515 1470 possumus
3558 1380 3678 1441 hos
3705 1392 3896 1440 numos
3939 1372 3980 1433 in

2595 1490 2869 1540 moneta
2907 1478 3088 1543 urbis
3114 1492 3376 1566 putare,
3427 1496 3633 1559 neque
3660 1471 3867 1543 necesse
3886 1469 3983 1540 erit,

2593 1583 2953 1653 tyrannum
2986 1575 3376 1660 quempiam
3407 1572 3695 1634 similium
3725 1580 3981 1629 numerum

2591 1665 2865 1730 fabrum
2911 1683 3170 1755 putare.
3268 1669 3505 1750 Neque
3565 1669 3752 1729 etiam
3805 1655 3977 1723 necesse

2594 1774 2732 1825 tum
2769 1767 2935 1848 erit,
3004 1779 3267 1851 partem
3322 1782 3591 1847 quoque
3640 1755 3889 1824 aversam
3925 1748 3982 1812 ad

2593 1858 2939 1925 muliebris
2982 1862 3048 1924 in
3087 1864 3312 1925 antica
3334 1858 3759 1942 inscriptionis
3795 1864 3980 1913 concor·

2593 1955 2779 2017 diam
2812 1977 3081 2041 cogere,
3132 1957 3314 2041 quod
3356 1958 3427 2018 in
3450 1949 3815 2039 explicanda
3834 1939 3982 2006 inscri-

2590 2050 2827 2141 ptione
2863 2052 3225 2135 VBIQVE.
3274 2053 3457 2113 PAX
3511 2049 3745 2134 placuit
3777 2036 3978 2103 Vaillan·
4097 2020 4098 2051 ss

2591 2147 2714 2213 tior
2784 2148 2853 2210 Si
2893 2149 3071 2211 enim
3105 2146 3376 2210 ferebat
3422 2144 3779 2217 Gallienus,
3818 2136 3861 2197 se
3880 2145 3978 2194 tau·
4097 2226 4098 2231 γ

2596 2260 2802 2327 quam
2853 2263 3104 2307 novam
3159 2241 3477 2305 Cererem
3525 2237 3876 2304 muliebriter
3909 2243 3979 2307 ap·
4097 2312 4098 2321 ἵ

2593 2341 2834 2424 pellari
2858 2387 2877 2417 ,
2929 2340 3152 2425 potuit
3188 2358 3338 2401 cum
3369 2358 3453 2400 ea
3475 2332 3848 2419 inscriptione
3877 2338 3980 2405 qua·

2589 2436 2939 2519 liscunque
2966 2433 3239 2497 aversae
3273 2446 3484 2518 typus
3518 2428 3845 2499 consistere,
3880 2439 3924 2479 v·
3948 2431 3983 2481 c·

2593 2532 2665 2592 in
2738 2551 2944 2597 numo
3008 2530 3142 2593 loci
3207 2529 3325 2593 111.
3379 2525 3805 2594 VICTORIA.
3849 2505 3982 2579 AVG.

2595 2627 2800 2708 Atqui
2834 2640 2900 2688 et
2939 2625 3341 2710 epigraphes
3388 2622 3738 2706 VBIQVE.
3774 2610 3905 2681 PAX
3931 2604 3982 2665 se·

2592 2723 2697 2784 ria
2739 2721 2868 2784 else
2916 2723 3140 2806 potuit
3203 2719 3638 2805 significatio,
3698 2728 3868 2795 eaque
3906 2699 3985 2762 [ive
4099 2742 4100 2767 ¹

2595 2836 2763 2880 vera
2789 2863 2808 2893 ,
2861 2816 2992 2880 five
3026 2815 3188 2880 ficta
3226 2816 3335 2879 vel
3368 2816 3749 2890 adfectata,
3791 2819 3925 2873 vera,
3962 2789 3989 2851 fi
4099 2796 4100 2863 Ϊ

2599 2912 2912 2999 quando,
2986 2924 3062 2975 ut
3108 2913 3306 2998 supra
3356 2915 3721 2987 innuimus,
3779 2901 3877 2964 fuit
3907 2889 3988 2954 ali·
4099 2914 4100 2945 ³

2598 3009 2782 3093 quod
2813 3008 3003 3093 pacis
3034 3008 3469 3072 intervallum
3493 3056 3513 3086 ,
3563 3006 3710 3070 ficta
3737 2989 3991 3073 secu.ndum

2599 3125 2720 3180 ea,
2775 3124 2950 3189 quae
3007 3116 3239 3167 narrat
3292 3105 3571 3168 Victor:
3624 3100 3684 3185 e)
3741 3105 3798 3162 at
3837 3089 3991 3189 ROMJ

2601 3200 2914 3266 Gallienus
2983 3199 3371 3266 PACATA
3463 3194 3762 3266 OMNIA
3822 3190 3993 3272 fem

2589 3297 2819 3383 publici
2849 3298 3000 3361 mali
3016 3295 3291 3380 improbe
3295 3295 3629 3382 suadebat,
3653 3290 3834 3358 crebro
3854 3280 3989 3346 etim,

2596 3396 2696 3459 uti
2725 3392 2909 3457 rebus
2931 3413 3010 3457 ex
3046 3392 3359 3456 voluntate
3386 3396 3576 3480 gestas
3587 3390 3762 3478 solet,
3803 3379 3930 3445 ludos
3944 3385 3991 3431 θ’

2583 3490 2745 3579 festa
2776 3485 3273 3573 triumphorum,
3340 3508 3462 3572 quo
3495 3487 3817 3574 promptius
3822 3464 3990 3562 stmulo·

2598 3597 2669 3677 tq
2702 3587 3236 3672 confirmarentur,
3262 3602 3571 3651 exercens.
3623 3580 3881 3646 Ceterum
3909 3575 3990 3665 ‘80⁰

2597 3683 2757 3746 huic
2789 3701 2983 3744 meae
3021 3680 3375 3743 sententiae
3420 3701 3558 3744 non
3603 3679 3739 3764 plus
3769 3663 3992 3758 pondens

2595 3778 2731 3863 ipse
2761 3777 3025 3853 tribuo,
3077 3795 3280 3860 quam
3319 3791 3638 3860 quantum
3674 3766 3993 3848 conjecturae

2593 3874 2799 3937 tribui
2842 3873 3048 3958 vulgo
3103 3871 3480 3953 consuevit,
3530 3879 3856 3948 verumque
3911 3844 3994 3911 ess'e

2596 3968 2897 4033 existimo
2918 4016 2938 4045 ,
2992 3968 3175 4052 quod
3208 3968 3291 4031 de
3323 3968 3431 4031 his
3455 3968 3665 4033 numis
3695 3956 3868 4026 edixit
3883 3948 3993 4037 Βῆῑῐ·

2593 4066 2973 4146 thelemyus
2996 4114 3017 4145 ,
3070 4064 3195 4126 esse
3222 4084 3342 4127 eos
3380 4066 3422 4126 t’
3448 4068 3749 4129 ormnem!
3771 4056 3887 4119 δ”.
3913 4040 3992 4105 ca·
4099 4098 4100 4129 ι

2595 4161 2757 4226 hinet
2805 4161 2861 4223 el
2886 4162 2937 4223 le
2973 4160 3267 4246 desespoir
3301 4162 3410 4226 des
3446 4157 3845 4244 Antiquaires.

2695 4254 3378 4321 Commemorandum
3405 4258 3624 4320 adhuc
3659 4250 3899 4314 videtur,
3921 4246 3992 4330 ⁶¹1

2595 4348 2809 4413 stitisse
2862 4373 3073 4436 nuper
3122 4355 3382 4429 virum,
3454 4352 3568 4436 qui
3616 4350 3673 4410 se
3716 4340 3900 4429 palam
3927 4340 3997 4387 ¹8⁸

2594 4449 3108 4511 numismaticae
3175 4456 3681 4533 praeceptorem
3767 4426 3999 4498 ferebat,

992 4542 4010 4613 ---———-——-———-—-———-—-——-—--···‘''‘'

1075 4666 1135 4733 a)
1174 4658 1421 4716 Trebell.
1458 4660 1515 4713 in
1552 4652 1698 4712 Gall.
1736 4671 1783 4709 c.
1818 4666 1875 4718 4.
2045 4651 2111 4725 b)
2149 4652 2327 4711 Mem.
2362 4653 2431 4710 Β.
2468 4652 2541 4718 L,
2577 4654 2650 4719 T,
2685 4628 2886 4714 XXX.⁸
2910 4674 2967 4730 p.
3001 4673 3130 4730 35¹·
3317 4661 3367 4729 ο)
3405 4660 3460 4712 in
3496 4597 3686 4712 Caesa.
