4242 5459
1460 575 2278 654 MARINIANA.

586 774 785 848 Numi
831 780 1151 848 commatis
1190 780 1530 866 peregrina.

406 970 705 1035 Tantum
738 947 1102 1037 Viminacii
1122 974 1211 1037 ad
1242 973 1376 1049 hoc
1412 988 1623 1054 usque
1651 981 1820 1035 tem·

304 1084 432 1149 pus
474 1068 767 1152 cogniti:

595 1162 902 1227 DIVAE.
948 1162 1554 1228 MARINIANAE.
1624 1161 1825 1246 Caput

593 1255 880 1324 velatum.

303 1349 379 1414 P.
428 1350 529 1415 M.
574 1351 639 1414 S.
701 1351 903 1417 COL.
948 1354 1142 1417 VIM.
1185 1353 1329 1427 AN,
1369 1354 1512 1419 XV.
1582 1348 1820 1418 Mulier

280 1445 468 1528 stans
503 1452 667 1511 inter
702 1457 955 1523 taurum
986 1458 1048 1512 et
1091 1448 1336 1514 leonem.
1386 1451 1531 1514 AE.
1570 1446 1626 1511 Ι.

296 1584 301 1589 -
394 1539 675 1627 Infignis
695 1543 807 1606 hic
855 1563 1099 1609 numus
1141 1546 1444 1609 servatur
1476 1544 1549 1609 in
1587 1539 1817 1605 museo

3279 603 3419 674 389

1905 775 2260 842 Caesareo.
2323 773 2577 842 ,Alium
2621 773 2961 861 geminum
2996 774 3418 840 Froelichius

1903 875 2070 937 citat
2107 893 2193 935 ex
2244 870 2466 935 museo
2512 873 2781 955 privato
2843 870 3318 939 vindobonae.
3351 869 3416 951 ⁸)

1902 964 2214 1030 Tertium
2266 969 2408 1032 vidi
2448 970 2610 1030 item
2641 966 2825 1049 apud
2861 985 2984 1027 nos
3013 968 3083 1028 in
3114 967 3416 1050 praecla-

1902 1082 1981 1126 ro
2006 1063 2229 1126 museo
2250 1065 2651 1127 Neumanni.
2706 1056 2878 1121 Istud
2919 1061 3129 1143 ipsum
3155 1108 3173 1137 ‚
3230 1064 3418 1144 quod

1903 1160 2183 1244 dempto
2232 1160 2363 1221 hoc
2396 1159 2615 1221 nullus
2655 1154 2878 1219 adhuc
2920 1155 3093 1218 visus
3137 1158 3418 1219 alterius

1901 1252 2114 1330 urbia,
2144 1266 2565 1337 ‘argumento
2593 1250 2703 1328 est,
2756 1250 3212 1314 Marinianam
3241 1270 3415 1312 mor-

1899 1360 2131 1429 tuam,
2199 1367 2351 1410 cum
2398 1347 2801 1413 Valerianus
2851 1346 2973 1412 vix
3028 1344 3436 1434 degustass'et·

1898 1444 2282 1529 imperium.

1545 1886 1555 1899 .
1590 1826 1802 1914 PRE
1819 1828 1930 1895 TI
1951 1826 2138 1894 VM.

300 2018 638 2087 Commatt's
684 2020 992 2087 Romani.-
3092 2101 3096 2105 “

498 2119 709 2180 Aurei
811 2154 832 2168 -
3025 2115 3292 2189 RRRR.

496 2213 811 2297 Argentei
1236 2288 1243 2297 .
3026 2212 3112 2273 R.

497 2309 711 2371 Aenei
764 2308 817 2370 Ι.
856 2319 922 2368 et
973 2306 1058 2368 11.
1110 2302 1377 2369 formae
1477 2343 1501 2357 -
3036 2305 3122 2367 R.

298 2403 638 2468 commatis
666 2404 992 2487 peregrini
1007 2426 1030 2465 .·

298 2492 305 2503 ’
444 2588 447 2595 .
490 2500 706 2563 Vnius
757 2497 1121 2565 viminacii
1174 2496 1384 2559 modo
1434 2494 1720 2560 laudati.

1495 2778 2207 2851 GALLIENVS.

394 2981 609 3045 Natus
627 2978 998 3044 Valeriano
1037 2997 1123 3042 ex
1154 2978 1377 3061 prima
1411 2994 1651 3060 uxore,
1684 2995 1814 3041 cu.

290 3081 642 3159 juatamen
666 3095 915 3139 nomen
947 3076 1284 3138 reticetur.
1305 3060 1379 3152 1’)“
1423 3071 1640 3137 Fuiss'e
1669 3092 1810 3136 tna·

297 3173 389 3235 tri
427 3191 677 3235 nomen
712 3169 1103 3247 Gallienae‚
1159 3169 1355 3253 supra
1382 3168 1451 3229 in
1484 3167 1812 3232 uxoribus

293 3269 513 3353 patris
566 3264 921 3328 verisimile
970 3266 1135 3330 dixi.
1220 3262 1439 3328 Patris
1496 3261 1812 3328 fortunae

289 3363 487 3426 fuam
531 3378 799 3446 quoque
845 3361 1079 3425 debuit
1111 3408 1130 3438 ,
1188 3381 1232 3424 a
1270 3378 1451 3442 quo,
1502 3379 1654 3423 cum
1693 3380 1814 3443 per

294 3457 727 3521 Treboniani
767 3469 833 3518 et
868 3456 1232 3523 Aemiliani
1271 3449 1561 3519 mortem
1601 3457 1812 3539 impe-

293 3553 472 3617 rium
514 3551 937 3638 occupass'et,
1007 3552 1291 3635 conlega
1343 3551 1630 3614 adscitus
1703 3548 1810 3614 est.

291 3650 537 3713 'Victor
566 3668 718 3712 eum
752 3668 794 3712 a
832 3648 1057 3711 senatu
1103 3660 1405 3713 creatum
1454 3645 1813 3711 Caesarem

295 3744 652 3823 adserit,⁶›
704 3745 888 3828 quod
925 3741 1376 3819 testimonium
1423 3755 1646 3807 utrum
1699 3763 1810 3805 ve·

289 3857 447 3901 rum
492 3840 607 3922 fit,
660 3860 809 3911 non
834 3840 1102 3903 decido.
1172 3839 1377 3902 Numi
1427 3850 1606 3902 certe
1657 3857 1812 3902 cum

289 3934 453 4003 tolo,
507 3934 811 4003 Caesaris
870 3936 1070 3998 titulo
1142 3936 1442 3997 nondum
1520 3934 1811 4019 reperti,
1874 3984 1885 3992 .

294 4047 535 4095 omnes
572 4053 722 4096 eum
757 4033 1113 4120 Augustum
1146 4031 1611 4115 pronunciant.

658 4184 747 4250 V.
774 4184 838 4250 C.
879 4187 1046 4248 1006
1094 4185 1176 4248 P.
1210 4184 1301 4249 X.
1337 4207 1476 4269 253.

444 4278 579 4346 TR.
632 4281 711 4345 P.
747 4278 929 4345 GOS.
968 4274 1172 4346 DES.
1219 4283 1297 4346 Ρ.
1337 4284 1433 4345 M.
1474 4283 1551 4350 Ρ.
1594 4283 1671 4347 Ρ.
1778 4308 1785 4313 ·

387 4413 570 4474 Anni
613 4392 807 4495 huju}
842 4411 1031 4477 facta
1070 4416 1231 4479 vide
1272 4418 1340 4478 in
1382 4429 1599 4499 patre.

354 4624 421 4690 a)
461 4593 782 4697 Appendic.
814 4643 1020 4682 novae.

1492 4894 1529 4921 l

1211 4626 1273 4697 b)
1316 4604 1559 4682 Treben:
1600 4632 1658 4681 m
1693 4628 1880 4683 valer.
1914 4628 2030 4696 jun,

1992 2975 2246 3041 Desunt
2288 2974 2454 3040 certi
2484 2972 2936 3061 hujuepartis
2986 2971 3147 3043 anni
3190 2977 3419 3054 numi,

1893 3069 2011 3135 nist
2042 3069 2183 3136 'huc
2216 3091 2543 3135 revocare
2578 3072 2747 3134 velis
2785 3092 2930 3150 eos,
2983 3072 3100 3153 qui
3136 3070 3421 3134 VOTA.

1887 3165 2488 3241 ‚DECENNALIA
2557 3163 2880 3250 inscripta
2963 3164 3297 3242 offerunt,
3351 3178 3424 3228 ut

1894 3261 2125 3347 colligi
2152 3259 2364 3348 potest
2393 3281 2482 3323 ex
2508 3262 2616 3338 iic,
2671 3281 2847 3345 quae
2880 3262 2970 3325 ad
3007 3261 3089 3318 V.
3115 3257 3189 3320 C.
3241 3261 3419 3321 1016

1895 3358 2310 3420 notabimuS.
2398 3357 2536 3421 vix
2593 3369 2822 3420 tamen
2881 3351 3233 3419 verisimile
3291 3351 3418 3426 est,

1892 3453 1999 3529 ei,
2054 3470 2137 3515 ac
2174 3450 2353 3536 patri
2393 3450 2523 3513 hoc
2558 3454 2700 3531 jam
2752 3470 2931 3515 anno
2993 3445 3217 3511 cusam
3280 3444 3415 3507 Ro-

1896 3568 2050 3612 mae
2088 3545 2277 3611 fuiss'e
2321 3556 2688 3610 monetam.
2767 3598 2773 3606 .

2213 3739 2300 3805 V.
2371 3734 2437 3800 C.
2469 3752 2657 3819 1007.
2707 3734 2789 3799 P.
2829 3730 2920 3801 Χ.
2961 3752 3113 3816 254.

1903 3833 2037 3901 ΤΚ.
2089 3835 2165 3902 Ρ.
2202 3836 2303 3901 ΙΙ.
2339 3829 2523 3901 CoS.
2570 3830 2775 3897 DES.
2809 3830 2913 3897 II.
2962 3828 3043 3896 P.
3091 3826 3190 3893 M.
3226 3825 3306 3894 P.
3343 3825 3418 3891 P.

1994 4025 2256 4115 Consul¹
2277 4047 2430 4091 cum
2476 4037 2669 4112 patre
2715 4019 2980 4086 consule
3048 3986 3134 4087 11.
3185 4038 3418 4105 proce-

1882 4125 2040 4190 nit.
2072 4118 2367 4207 Reliqua
2396 4124 2556 4187 vide
2587 4124 2674 4247 in*
2705 4130 2920 4205 patre.
3001 4168 3008 4175 .

2191 4315 2380 4379 ῙΜΡ.
2417 4272 2495 4378 οἵ
2548 4316 2617 4378 P.
2662 4265 2853 4378 mc?
2886 4303 3416 4375 GALLIENVS.

2193 4407 2402 4477 AvG.
2458 4411 2659 4495 Caput
2692 4408 3033 4482 radiatum.

2204 4626 2255 4692 c)
2293 4625 2352 4674 in
2389 4604 2662 4675 CaesatiB.
