4242 5459
1379 543 2322 631 ELAGABALvs.

311 758 536 838 peret,
591 746 727 831 ipse
769 749 996 810 edicto
1040 746 1368 820 sanciret,
1420 756 1491 807 ut
1519 746 1671 811 aliis
1705 749 1838 812 diis

316 843 665 919 omnibus,
724 855 932 925 atque
974 842 1090 926 ipfi
1126 843 1329 905 etiam
1396 841 1548 905 Iovi
1590 844 1834 930 Elaga-

317 940 508 1003 balus
550 940 703 1001 suus
743 937 1201 1027 praeferretur
1226 984 1245 1014 ‚
1299 938 1437 1021 ipse
1471 940 1834 1025 imaginem

314 1035 604 1100 numinis
663 1035 756 1099 sui
824 1037 1118 1098 Romam
1184 1035 1688 1118 praemitteret,
1764 1039 1834 1100 in

315 1132 538 1196 media
587 1134 775 1195 curia
829 1130 985 1193 loco
1058 1131 1241 1194 edito
1301 1131 1776 1205 collocandam
1811 1180 1834 1210 ‚

315 1226 541 1293 urbem
584 1227 898 1314 ingressus
925 1228 1004 1299 ,ei
1023 1226 1349 1310 templum
1383 1226 1832 1306 constitueret,

318 1337 382 1386 et
412 1322 777 1387 barbarico
813 1323 950 1408 ipse
993 1323 1229 1401 habitu
1271 1341 1352 1385 ac
1402 1324 1532 1386 ritu
1601 1326 1834 1388 munia

315 1419 922 1505 sacerdotispalam
947 1417 1359 1505 fungeretur,
1412 1432 1833 1505 vetaretque,

316 1537 394 1578 ne
433 1516 587 1598 quis
626 1518 887 1581 Romae
932 1517 1097 1578 deus
1131 1513 1244 1577 nili
1280 1514 1698 1601 Elagabalus
1735 1518 1835 1583 su-

311 1630 389 1675 us
424 1609 805 1688 coleretur,
858 1613 928 1675 id
986 1630 1150 1676 vero
1198 1611 1631 1676 intolerabile
1682 1633 1836 1679 cun·

319 1710 436 1771 etis
473 1705 707 1775 visum.
763 1707 1062 1775 Accessit
1102 1719 1450 1773 extremae
1493 1712 1838 1777 amentiae

315 1817 780 1888 argumentum
830 1803 1116 1883 illustre,
1180 1805 1368 1886 quod
1432 1824 1596 1867 cum
1635 1808 1837 1871 caeli·

314 1899 467 1963 bem
514 1898 700 1963 suum
743 1903 944 1963 deum
986 1901 1112 1963 else
1157 1900 1414 1981 nollet,
1467 1922 1749 1967 uxorem
1776 1905 1839 1968 ei

315 1996 808 2080 circumspexit.
881 2001 981 2059 Ae
1025 1998 1254 2082 primo
1286 2015 1437 2059 cum
1483 1997 1838 2063 Palladem

313 2111 447 2153 non
495 2094 844 2177 indignam
889 2112 969 2157 eo
1015 2093 1175 2157 loco
1221 2104 1535 2175 putaret,
1593 2097 1730 2175 ejus
1766 2093 1842 2157 fi-

315 2188 688 2251 mulacrum
753 2191 909 2251 inde
959 2209 1044 2253 ex
1102 2208 1237 2273 quo
1295 2188 1659 2255 advectum
1709 2188 1836 2253 llio

314 2282 578 2359 suerat,
629 2285 991 2347 immotum
1040 2286 1110 2347 in
1164 2282 1393 2347 aulam
1449 2285 1842 2362 transtulit,

311 2399 601 2462 eamque
640 2382 980 2466 nuptiales
1015 2380 1256 2445 taedas
1304 2382 1368 2445 iu
1412 2381 1590 2444 hunc
1652 2382 1835 2447 diem

313 2476 692 2543 aversatam
757 2477 1169 2561 compellere
1197 2528 1202 2537 .
1231 2477 1320 2539 ad
1369 2479 1654 2560 nuptias·
1684 2498 1836 2541 curn

317 2573 448 2635 deo
487 2587 684 2637 extra
722 2574 986 2638 coelum
1032 2571 1366 2637 Graecum
1413 2587 1577 2637 nato
1621 2587 1836 2637 tenta·

315 2669 437 2734 vit.
492 2668 841 2755 Continuo·
876 2689 944 2732 re
986 2669 1279 2733 curatius
1318 2670 1650 2755 expensa,
1705 2671 1837 2734 deo

313 2765 430 2829 suo
466 2785 615 2829 cum
653 2786 867 2828 uxore
902 2777 1174 2829 armata
1206 2778 1272 2826 et
1325 2765 1644 2830 bellicosa
1698 2787 1836 2831 non

311 2874 490 2924 recte
530 2864 940 2938 convenire,
993 2864 1194 2925 deam
1242 2861 1654 2941 Coelellem,
1727 2864 1838 2928 seu

315 2958 639 3022 Vraniam
669 2958 1083 3041 Carthagine
1123 2958 1602 3023 advehendum
1649 2978 1839 3022 cura-

318 3054 455 3133 uit,
505 3055 863 3140 praeclaro
900 3053 1066 3117 istud
1106 3052 1424 3129 confilio3
1474 3076 1631 3119 nam
1687 3076 1842 3121 cum

323 3168 456 3230 qua
499 3150 613 3214 Sol
651 3149 1067 3238 Elagabalus
1105 3151 1330 3234 aptius
1378 3146 1841 3217 cenvenienti·

323 3264 530 3329 usque
584 3252 1020 3332 jungeretur,
1070 3266 1276 3328 quam
1312 3265 1464 3309 cum
1501 3246 1633 3310 hac
1676 3252 1842 3311 Vra·

332 3343 441 3405 nia
468 3391 486 3421 ‚
540 3365 746 3427 quam
787 3345 1015 3406 lunam
1053 3341 1205 3405 Afri
1252 3342 1612 3404 censuere?
1663 3345 1841 3405 Tum

324 3453 481 3504 vero
533 3440 694 3502 urbe
747 3453 942 3521 tota,
991 3459 1073 3501 ac
1114 3460 1237 3524 per
1279 3437 1589 3515 Italiam,
1648 3438 1840 3500 nimi·

328 3552 466 3598 rum
511 3536 918 3600 nubentibus
969 3535 1139 3612 diia,
1211 3535 1470 3598 indicta
1524 3534 1842 3617 Theoga·

336 3634 507 3711 mia,
561 3648 625 3696 et
682 3636 806 3695 dos
871 3653 988 3717 per
1042 3643 1258 3693 totum
1313 3633 1672 3714 imperium
1732 3633 1841 3692 de»

335 3724 594 3815 scriptae
637 3728 849 3793 Caeso
887 3733 1301 3811 imperatore
1350 3729 1614 3811 patuit,
1667 3728 1841 3791 invi·

331 3831 406 3883 to·
453 3828 851 3911 Hymenaeo
931 3826 1062 3887 has
1130 3825 1447 3888 coaluill‘e
1527 3824 1838 3908 nupti-21³3

335 3935 476 3982 nam
517 3925 739 4009 pullus
776 3922 939 3985 urbe
981 3924 1266 3984 maritus
1301 3921 1611 4004 Syriam,
1665 3940 1842 3984 uxor

334 4016 620 4083 Africam
675 4022 1015 4103 imperato
1079 4020 1378 4080 divortio
1434 4019 1837 4102 repetivere.

328 4110 506 4179 Haec
543 4137 717 4201 quae
763 4118 1211 4197 usquemodo
1258 4117 1497 4191 docui,
1545 4117 1706 4178 vide
1728 4134 1835 4177 co·

321 4208 559 4296 piosius
612 4215 796 4298 apud
843 4213 1183 4293 Dionem,
1239 4212 1303 4289 ⁹)
1361 4212 1836 4275 herodianum

337 4412 437 4509 'ai
481 4451 538 4503 L.
577 4452 874 4507 Lxxvn,
909 4452 1084 4535 5222„
1121 4482 1130 4489 -

1211 4480 1226 4487 -
1264 4451 1322 4521 b)
1362 4455 1419 4505 in
1455 4451 1689 4525 Elageba

299 4524 398 4579 11.
425 4540 471 4576 c.
506 4528 600 4591 ⁶3·

1793 4465 1836 4487 ²·
1885 4453 2030 4519 «Vm
2065 4450 2427 4514 Aureliam),-
2470 4482 2481 4489 -

2856 482 2879 513 Ο

3296 573 3429 642 25²

1926 759 1993 811 et
2035 732 2627 833 Lampridium.¹')
2676 742 2998 809 Exniuffe
3035 744 3214 810 hunc
3252 748 3453 811 deum
3554 727 3567 739 ’

1897 842 2203 905 'Emesae
2263 838 2490 902 adhuc
2552 842 2905 903 Aureliani
2979 854 3240 921 aetate,
3335 845 3453 928 qui

1923 959 2074 1002 eum
2114 934 2419 999 donariis
2459 948 2527 1001 et
2557 936 2830 1021 templis
2875 941 3188 1017 ornavit,
3242 938 3481 1003 resert=

1918 1033 2270 1118 VopiscuS.
2302 1031 2365 1114 ⁶)
3042 1110 3047 1115 ⁶

2017 1130 2283 1194 Numus
2325 1128 2820 1214 eir-propositis
2880 1132 3141 1215 primus
3180 1144 3449 1200 vectum

1919 1226 2189 1314 publice
2210 1226 2406 1289 deum
2422 1224 2887 1310 Elagabalum
2910 1227 3206 1302 exhibet.
3259 1231 3448 1295 Idem

1919 1324 2179 1387 factum
2219 1319 2430 1385 refert
2491 1322 2965 1406 Herodianus,
3028 1333 3273 1410 nempe
3325 1327 3450 1390 im·

1919 1419 2205 1511 politum
2240 1437 2396 1481 eum
2444 1418 2763 1483 vehiculo
2817 1439 2985 1483 auro
3028 1425 3453 1508 gemmisque

1924 1515 2232 1583 distincto
2257 1561 2276 1591 ,
2316 1516 2833 1600 deductumque
2884 1536 2969 1579 ex
2991 1516 3156 1589 urbe
3196 1519 3262 1589 in
3302 1519 3452 1585 sub·

1929 1612 2264 1677 urbanum
2293 1658 2314 1689 ‚
2368 1632 2505 1694 quo
2529 1611 2686 1675 loco
2711 1616 2851 1694 ejus
2887 1613 3215 1699 templum
3262 1612 3455 1692 stetit,

1925 1719 2297 1797 praeeunte
2334 1727 2600 1775 currum
2635 1710 3051 1792 imperatore
3093 1730 3178 1774 ac
3219 1708 3450 1776 frenos

1915 1805 2297 1883 retinente,
2351 1825 2551 1888 quem
2615 1804 2992 1890 process‘um
3048 1807 3208 1869 vide
3267 1809 3454 1893 apud

1922 1903 2281 1979 laudatum
2344 1914 2695 1965 auctorem
2768 1899 3142 1968 liberaliter
3215 1905 3453 1968 descri-

1921 2011 2173 2085 ptum..
2226 1999 2405 2078 Quid
2461 2009 2698 2061 notent
2756 2010 3049 2080 quatuor
3104 2002 3451 2084 perticae,

1928 2113 2104 2178 quae
2148 2114 2415 2157 currum
2457 2094 2820 2169 ambiunt,
2874 2106 2939 2157 et
2994 2097 3278 2159 totidem
3336 2116 3451 2160 co·

1923 2210 2049 2253 nos
2103 2187 2443 2268 sustinent,
2501 2189 2668 2253 mihi
2721 2190 3268 2275 incompertum,
3336 2212 3451 2255 ne-

1925 2306 2056 2370 que
2111 2306 2365 2369 operae
2413 2276 2744 2369 pretium,
2814 2284 2882 2346 in
2934 2286 3168 2348 omnia
3218 2286 3452 2350 flultae

1917 2380 2403 2466 superstitionis
2438 2381 2752 2464 mysteria
2806 2382 3187 2466 diligentius
3233 2385 3451 2467 inqui·

1923 2498 2096 2541 rere.
2152 2477 2411 2541 Eodem
2478 2479 2690 2541 modo
2767 2477 3123 2567 Heliopoli
3176 2498 3447 2562 quoque

1925 2574 2307 2639 vehebatur
2344 2576 2510 2644 deus
2555 2574 3130 2659 Heliopolitanus,
3187 2577 3301 2660 qui
3335 2574 3456 2638 Sol

1897 2673 2080 2736 -item
2116 2669 2274 2736 fuit.
2326 2672 2436 2735 Sic
2463 2672 2637 2733 enim
2658 2672 2741 2733 de
2763 2670 2891 2735 hoc
2912 2670 3311 2735 Macrobius
3338 2694 3354 2735 ς
3379 2662 3445 2754 ᾱ>

1922 2767 2169 2834 vehitur
2208 2771 2366 2832 enim
2404 2767 2801 2851 simulacrum
2865 2767 2967 2832 dei
3004 2767 3457 2854 Heliopolitana·
3566 2764 3571 2769 ’

1907 2866 2160 2952 ferculo
2192 2912 2215 2939 ‚
2263 2869 2360 2929 uti
2414 2864 2729 2931 vehuntur
2778 2865 2845 2929 iu
2893 2886 3127 2949 pompa
3171 2866 3457 2931 ludorum

1930 2963 2277 3049 circensmm
2320 2962 2573 3027 demum
2610 2962 2965 3049 ῥαίοιτο.
3048 2965 3271 3029 Notus
3309 2961 3453 3048 pas-

1932 3060 2047 3124 lim
2091 3057 2602 3123 simulacrorum
2646 3057 2726 3120 [ic
2758 3071 3110 3123 vectorum
3152 3060 3334 3123 sacer
3370 3059 3455 3120 ri·

1930 3168 2061 3219 tus,
2115 3152 2310 3216 Teste
2358 3155 2716 3217 Herodoto
2752 3159 2803 3229 Ε)
2862 3161 3045 3240 apud
3090 3155 3459 3239 Papremin

1932 3251 2231 3334 Aegypti
2274 3251 2519 3313 Martis
2559 3249 2805 3332 lignum
2843 3266 2975 3313 una
3023 3271 3172 3313 cum
3209 3249 3455 3314 sacello

1932 3366 2126 3408 eur-ru
2161 3357 2455 3426 quatuor
2491 3358 2793 3425 rotarum
2843 3345 3246 3409 vehebatur.
3313 3347 3459 3407 Ex·

1931 3441 2163 3524 empla
2204 3441 2399 3524 plura
2453 3439 2591 3500 alia
2636 3441 2796 3501 vide
2842 3442 2909 3501 in
2969 3458 3125 3500 mea
3178 3439 3457 3521 Sylloge

1931 3537 1983 3598 1.
2019 3556 2175 3621 pag.
2215 3558 2332 3619 55.
2388 3537 2489 3598 Ad
2524 3535 2701 3595 idem
2734 3544 3203 3617 argumentum
3242 3534 3455 3618 perti-

1930 3646 2046 3695 net
2107 3651 2352 3692 numus
2400 3630 2527 3701 11„
2585 3631 2699 3711 qui
2730 3629 3194 3713 ‘Elagabalum
3230 3631 3460 3716 corfir-

1931 3739 2212 3792 vatorem
2253 3728 2536 3814 Augusti
2583 3726 2930 3810 appellat,
2980 3739 3049 3788 et
3093 3727 3471 3792 concidem-

1931 3824 2108 3887 h‘unc
2172 3824 2371 3885 deum
2435 3824 2707 3906 aquilae
2781 3823 2906 3897 alis
2972 3823 3460 3887 obumbratum

1931 3920 2235 3997 exhibet,
2289 3922 2518 3997 credo,
2572 3921 2753 4004 quod
2797 3920 3217 4005 Elagabalus
3242 3940 3460 4004 aeque

1927 4019 2107 4082 Solis
2144 4038 2227 4082 ac
2273 4018 2459 4080 Iovis
2508 4018 2904 4101 dignitatem
2935 4018 3230 4081 obtinuit
3269 4037 3460 4082 more

1928 4117 1995 4177 in
2048 4116 2247 4198 Syria
2281 4125 2607 4198 receptO,
2660 4133 2817 4176 nam
2883 4128 2949 4177 et
3004 4114 3459 4200 Heliopolita-

1929 4232 2170 4275 norum
2226 4210 2654 4293 Coelelyriae
2678 4224 2933 4275 numen
2960 4218 3308 4296 utriusque
3348 4209 3460 4273 dei

2560 4448 2913 4518 -d)-snum.
2940 4454 3013 4513 21:
3039 4467 3127 4520 23·
3196 4486 3227 4495 —
3283 4452 3336 4520 ο)
3366 4451 3438 4510 L·

2895 4598 2974 4664 li
3025 4617 3075 4664 2.
