4242 5459
1391 514 2301 621 AVRELIANVS.

274 742 449 810 Solis
466 741 812 818 radiatum,
857 760 1021 826 prae
1035 760 1154 829 quo
1177 732 1454 827 quatuor
1488 743 1618 827 ‚ejus
1639 745 1793 829 equi.

275 840 418 905 ΑΕ.
461 839 549 905 11.
599 837 804 922 (Mus.
845 835 1076 921 Caes.)
1560 908 1563 909 ⁷

569 931 1168 1000 AVRELIANVS.
1253 930 1464 997 AVG.
1548 932 1802 1001 CONS.

568 1026 744 1092 Idem
781 1039 984 1112 typus.
1288 1075 1292 1078 <

276 1123 468 1189 SOL.
515 1123 965 1187 DOMINVS.
1008 1124 1349 1189 IMPERP.
1402 1122 1800 1188 ROMANI.

280 1221 486 1304 Caput
537 1217 710 1284 Solis
755 1218 987 1283 nudum
1043 1220 1276 1305 absque
1343 1220 1572 1284 radiis.
1662 1220 1801 1284 AE.

270 1316 475 1379 max.
500 1314 686 1377 mod.
728 1314 930 1397 (Mus.
949 1313 1206 1396 Pisani)
1233 1314 1374 1378 AE.
1397 1317 1486 1379 ΙΙ.
1513 1313 1799 1397 (Band.)

373 1411 484 1471 Ad
536 1410 824 1472 eximios
873 1409 1021 1471 hos·
1053 1430 1295 1473 numos
1343 1409 1561 1472 distuli
1618 1430 1803 1472 men-

3255 573 3417 642 483‘

1887 745 2198 807 tum¹fuit
2250 746 2576 830 templum
2636 744 2969 812 immensis
3037 748 3410 837 sumptibus

1889 841 2156 902 Romae
2204 843 2342 921 ejus
2380 842 2624 904 honori
2671 855 3005 927 erectum,
3058 849 3245 928 cujus
3271 868 3412 911 om-

1891 955 2009 1000 nes
2066 935 2213 998 fere
2273 935 2637 1023 scriptores
2691 951 2958 1001 veteres
3024 942 3414 1008 meminere.

1892 1031 2057 1093 Inde
2106 1029 2408 1109 factum,
2463 1045 2535 1094 ut
2596 1035 2813 1112 major
2868 1054 3225 1099 numerum
3280 1042 3416 1101 Au-

1890 1127 2135 1188 reliani
2172 1145 2332 1209 pars
2378 1127 2555 1189 Solis
2590 1121 2840 1191 cultum
2877 1134 3134 1211 jactet,
3187 1145 3254 1194 et
3300 1148 3421 1196 aut

1895 1219 2068 1284 solus
2108 1221 2383 1307 aversae
2421 1236 2660 1307 typum
2698 1221 3076 1302 constituat,
3128 1240 3246 1289 aut
3280 1233 3419 1309 ejas

1894 1314 2124 1378 saltem
2158 1329 2362 1400 caput
2397 1320 2467 1378 in
2522 1319 2704 1380 numi
2767 1337 2928 1381 area
2980 1319 3277 1384 defixum
3323 1323 3420 1388 sit.

1892 1411 2048 1492 Ejus
2106 1414 2369 1497 generis
2415 1412 2603 1475 sunt:
2658 1398 3008 1495 ORJENS.
3044 1415 3253 1483 AvG.
3304 1418 3428 1485 Sol
3485 1428 3496 1433 '

276 1504 533 1567 tionem
564 1502 816 1580 cultus,
877 1500 1499 1585 quem'Aurelianus
1532 1503 1801 1567 testibus
1867 1510 2099 1592 stam,
2166 1527 2459 1587 quorum
2524 1508 2968 1573 incredibilis.
3032 1509 3120 1573 est
3188 1516 3418 1600 copia.

274 1602 497 1662 numis
548 1612 614 1662 et
661 1597 991 1662 historicis
1040 1600 1474 1685 singularem,
1527 1614 1595 1663 et
1647 1600 1800 1683 plus

278 1695 593 1756 omnibus
648 1694 975 1756 hactenus
1027 1695 1442 1779 principibus
1485 1694 1633 1757 Soli
1678 1696 1797 1756 im·

271 1790 548 1875 pendit,
597 1808 795 1872 quem
841 1808 884 1850 a
924 1801 1141 1853 matre
1188 1789 1492 1852 ‘habuisse
1529 1789 1798 1851 heredi-

146 1894 159 1907 ·
275 1885 561 1960 tarium,
635 1904 720 1946 ex
790 1882 1156 1947 Callicrate
1216 1887 1417 1947 docet
1470 1884 1797 1968 Vopiscus

274 1977 655 2054 referente,
723 1976 914 2039 fuisse
959 1998 1109 2040 eam
1172 1978 1592 2041 sacerdotem
1657 1983 1797 2057 ejus

275 2072 429 2138 astri
471 2075 541 2134 in
585 2092 667 2133 eo
702 2074 858 2133 vico
883 2120 905 2152 ‚
953 2074 1024 2150 in
1067 2091 1203 2156 quo
1238 2072 1645 2134 habitabant
1681 2091 1797 2156 pa·

272 2181 523 2232 rentes,
557 2166 621 2244 ¹)
678 2165 911 2228 Crevit
952 2168 1125 2230 haec
1178 2167 1502 2252 principis
1566 2169 1637 2228 in
1678 2165 1796 2228 So·

271 2266 408 2327 lem
470 2261 900 2325 observantia
928 2308 947 2336 ,
1027 2263 1302 2344 quando
1357 2262 1606 2324 bellum
1680 2259 1797 2322 sibi

272 2357 538 2441 sumpsit
578 2356 896 2421 advertus
916 2358 1290 2420 Zenobiam
1323 2359 1685 2442 gerendum
1727 2357 1796 2418 in

274 2456 552 2516 Oriente
575 2499 595 2529 ‚
627 2464 847 2536 'quem
885 2451 1063 2526 Solis
1106 2452 1391 2515 arbitrio
1427 2452 1673 2515 subesse
1722 2471 1794 2512 o-

272 2548 394 2612 lim
419 2550 748 2611 creditum
769 2572 797 2621 ς
843 2534 1057 2631 quare'
1088 2560 1156 2610 et
1178 2548 1356 2611 Solis
1388 2562 1593 2631 caput
1611 2567 1793 2610 com·

273 2656 473 2730 paret
507 2645 574 2707 in
603 2646 824 2706 numis
862 2644 1186 2726 Trajani,
1239 2645 1396 2727 quin
1432 2655 1498 2705 et
1533 2645 1628 2707 M.
1661 2647 1794 2705 An·

270 2740 442 2823 tonii
493 2739 772 2817 Inviti,
828 2740 942 2821 qui
980 2760 1226 2824 nempe
1267 2739 1465 2801 bellis
1496 2739 1794 2801 Orientis

272 2834 775 2900 distinebantur.
861 2834 1063 2916 Quod
1104 2837 1374 2919 quidem
1401 2833 1580 2898 Solis
1614 2836 1681 2897 in
1704 2834 1798 2896 O·

267 2928 556 2995 rientem
594 2930 951 3015 imperium
1011 2950 1148 2993 non
1193 2932 1395 3013 primi
1453 2949 1798 3014 agnovere

270 3027 592 3104 Romani,
643 3026 757 3088 sed
782 3029 922 3107 jam
965 3026 1193 3111 priscis
1229 3024 1652 3109 temporibus
1676 3024 1795 3108 ipsi

268 3122 539 3189 Graeci.
630 3122 897 3183 Etenim
929 3120 1088 3183 teste
1141 3120 1470 3183 Pausania
1529 3121 1792 3203 pridem

1889 1600 2350 1666 PACATOR.
2408 1604 2714 1681 ORBIS,
2764 1604 2883 1667 Sol
2915 1608 3116 1686 stans.
3203 1610 3420 1674 PRO-

1889 1696 2203 1758 VlDEN.
2247 1697 2520 1762 DEOR.
2572 1699 2728 1775 Sat,
2779 1702 3101 1766 ermulier
3152 1704 3301 1770 bina
3321 1709 3416 1794 fia·

1880 1811 2021 1875 gna
2053 1792 2363 1856 militaria
2406 1797 2664 1879 gestan(
2689 1788 2934 1886 flantes.
2987 1798 3416 1863 RESTITV-

1886 1887 2106 1951 TOR.
2141 1888 2605 1965 ORIENTIS,
2655 1890 2987 1975 Solstans.
3041 1893 3402 1960 SOL1.‘1N.

1885 1980 2201 2047 VICTO.
2254 1983 2376 2045 Sol
2408 1989 2717 2066 captivum
2769 1986 2923 2068 pede
2972 1990 3254 2068 caleam,
3334 1994 3424 2056 de

1886 2093 2023 2156 quo
2056 2073 2256 2136 titulo
2294 2078 2400 2159 egi
2437 2079 2504 2138 in
2543 2080 2764 2140 numia
2812 2081 3088 2144 Emesae
3149 2085 3411 2166 Syriae.

1887 2168 2154 2230 MARS.
2202 2169 2630 2235 INVICTVS
2651 2217 2674 2248 ,
2728 2173 2847 2238 Sol
2860 2176 3118 2258 globum
3148 2174 3418 2266 adstanti

1882 2266 2021 2327 viro
2055 2263 2319 2328 militari
2352 2265 2630 2331 tradens.
2707 2269 2783 2330 In
2835 2274 3055 2333 numis
3095 2275 3361 2338 duobus
3387 2327 3414 2361 ‚

1882 2359 1952 2421 in
1994 2359 2238 2441 quibus
2276 2380 2448 2425 nunc
2500 2364 2884 2446 versamur,
2933 2369 3150 2452 magis
3190 2389 3411 2456 appa·
3521 2434 3526 2441 .

1881 2467 2032 2517 rent
2062 2455 2361 2519 honores
2397 2460 2466 2521 in
2517 2458 2746 2521 Solem
2802 2461 3087 2543 collati,
3156 2469 3412 2552 quippe

1884 2550 2000 2634 qui
2042 2570 2194 2612 eum
2253 2554 2564 2619 dominum
2623 2557 2866 2639 imperii
2908 2556 3179 2622 Romani
3231 2561 3409 2625 salu-

1882 2657 2072 2741 tant,
2127 2649 2311 2728 quod
2357 2649 2457 2713 illi
2495 2650 2702 2714 decus
2735 2653 3110 2737 imperator
3134 2675 3408 2740 quoque

1883 2740 2182 2804 Iulianus
2230 2742 2380 2806 tota
2419 2766 2502 2809 ea
2549 2749 2908 2824 oratione,
2956 2769 3160 2834 quam
3202 2753 3268 2813 in
3300 2773 3407 2817 re-

1882 2856 2033 2920 gem
2082 2837 2311 2900 Solem
2349 2840 2635 2927 scripsit,
2685 2843 3066 2908 liberaliter
3117 2847 3402 2927 detulit,

1884 2951 1966 2994 eo
2011 2953 2222 3023 usque
2254 2935 2568 3001 adulatus
2591 2939 2957 3017 serviliter,
3010 2942 3084 3005 u't
3116 2962 3255 3005 non
3282 2944 3406 3007 du-

1881 3026 2134 3090 bitaret
2191 3049 2354 3093 mox
2415 3035 2483 3094 in
2541 3035 2828 3098 exordio
2898 3036 3252 3121 profiteri:
3301 3060 3409 3104 και

1880 3142 1993 3202 γαρ
2034 3124 2153 3206 εἰμι
2197 3146 2266 3188 τε
2308 3132 2606 3205 ξασιλεως
2646 3123 2872 3206 ὁπαδος
2922 3134 3085 3194 Hm
3112 3178 3131 3209 ,
3163 3134 3403 3217 sum-e-

268 3218 636 3281 Troezenii
682 3236 873 3279 aram
918 3236 1193 3279 erexere
1223 3219 1384 3279 Ηλιε
1428 3216 1787 3301 Ελευθεριε,
1876 3221 2003 3281 nim
2041 3223 2219 3302 regis
2257 3221 2429 3284 Solis
2455 3227 2673 3303 servus
2726 3224 3090 3309 adsectator.
3169 3227 3405 3292 Tanta

263 3315 440 3380 Solis
469 3311 910 3389 Liberatoris,
961 3313 1143 3397 quod
1197 3315 1337 3393 eius
1366 3357 1385 3388 ,
1456 3325 1528 3375 ut
1598 3324 1788 3394 puta·
1876 3313 1947 3373 in
1988 3314 2215 3375 Solem
2259 3315 2394 3376 hoc
2420 3334 2598 3379 aevo
2639 3315 2962 3400 obsequia
3011 3339 3145 3383 non
3188 3325 3417 3385 mira--

262 3408 473 3486 bant,
527 3429 663 3492 ope
707 3430 751 3470 a
793 3422 975 3471 metu
1017 3408 1267 3469 Xerxis
1298 3418 1365 3468 et
1422 3407 1786 3470 Medorum

1878 3406 2102 3483 bitur,
2158 3409 2269 3489 qui
2311 3413 2672 3474 attonitum
2710 3414 2800 3475 ad
2836 3418 2974 3493 ejus
3009 3414 3234 3478 sideris
3272 3436 3412 3502 po·-u

259 3505 535 3568 liberati
569 3503 794 3568 essent.
847 3503 1029 3586 Ergo
1080 3515 1147 3564 et
1195 3503 1597 3564 Aurelianus
1626 3497 1784 3562 fau-
1874 3504 2532 3584 tentiam‘Plinium,
2585 3506 2837 3591 sibique
2865 3509 3032 3572 illud
3077 3509 3221 3573 fere
3254 3514 3399 3577 uni-

226 3599 360 3667 .sto
425 3601 575 3664 usus
635 3603 777 3682 ejus
818 3598 980 3660 belli
1049 3600 1335 3660 exordio
1406 3594 1784 3682 Elagabalo
1870 3616 2021 3660 eum
2066 3618 2317 3662 numen
2354 3602 2685 3664 creditum
2737 3605 3030 3667 noverit.
3071 3597 3142 3682 ὃ),
3199 3598 3211 3613 ’

254 3696 631 3773 Emeseno',
678 3695 801 3780 qui
841 3694 1021 3756 idem
1061 3713 1213 3756 cum
1252 3693 1408 3756 Sole
1448 3693 1645 3769 suits
1672 3713 1786 3755 cu·

1969 3694 2212 3779 Typus
2265 3697 2454 3779 prior
2510 3711 2790 3783 propter
2865 3701 3140 3763 additas
3216 3702 3395 3771 Solis

248 3795 497 3876 jusque
542 3791 661 3854 sibi
694 3810 897 3877 opem
932 3808 1054 3875 per
1087 3809 1239 3851 eam
1277 3790 1785 3873 expeditionem
1871 3791 2241 3875 quadrigas
2288 3789 2600 3875 illustrior
2625 3817 2647 3868 ς
2691 3790 2783 3857 ‘in
2852 3794 3071 3859 altero
3139 3817 3406 3883 numo,

256 3885 544 3951 adfuisse
595 3886 874 3950 rebatur
905 3932 926 3962 ,
975 3897 1149 3949 vota
1202 3885 1558 3969 persolvit,
1610 3896 1747 3946 tem
1868 3885 1982 3947 nisi
2007 3888 2280 3967 juvaret
2309 3888 2653 3975 inscriptio
2683 3938 2704 3969 ,
2758 3891 2936 3956 Solis
2960 3906 3167 3980 caput
3196 3897 3394 3961 intel·

256 4096 461 4143 nores
496 4075 638 4137 Soli
653 4074 1016 4158 Palmyrae
1039 4075 1393 4151 constituit,
1420 4096 1593 4159 quae
1621 4077 1779 4140 urbs

148 4032 155 4035 ν
255 3982 585 4066 plumque
616 3971 1060 4061 fundavitst').
1090 3980 1393 4044 Eosdem
1434 3981 1638 4042 etiam
1660 3981 1781 4043 ho·
1866 3981 1985 4066 ligi
2025 4001 2162 4043 non
2190 3983 2422 4068 posset.

2167 4079 2262 4144 Vt
2305 4079 2398 4142 lit.
2439 4083 2524 4144 B.

216 4177 404 4254 ‚ejus
457 4168 607 4234 astri
662 4172 913 4233 numini
967 4175 1164 4234 enixe
1215 4173 1472 4235 devota
1531 4170 1681 4235 fuit.
1723 4176 1780 4255 ‘)
1861 4171 2333 4237 VICTORIA.
2355 4173 2564 4239 AvG.
2589 4174 2881 4245 Victoria
2898 4183 3213 4267 gradiens.
3237 4186 3400 4251 Ait..

254 4272 351 4331 At
400 4266 848 4351 praecipuum
879 4268 1050 4328 tanti
1086 4266 1394 4330 adfectus
1431 4287 1779 4354 argumen·
1861 4268 2065 4352 (Mus.
2104 4271 2263 4336 abb.
2309 4268 2577 4339 Caenia.
2601 4271 3038 4357 Cremonae.)

322 4473 380 4540 a)
416 4473 479 4528 in
510 4472 801 4538 Aurelian.
838 4491 885 4531 ο.
919 4486 977 4541 4.
1172 4473 1239 4544 b)
1278 4474 1563 4548 Vopiscus.

1758 4476 1814 4549 e)
1846 4475 1996 4543 lhid.

2187 4476 2250 4549 d)
2288 4478 2358 4534 H.
2399 4479 2473 4541 N.
2507 4481 2577 4542 L.
2612 4482 2691 4542 11.
2728 4482 2780 4551 ς’
2797 4494 2849 4545 4.

2703 4557 2880 4642 Ppp
2934 4574 2990 4623 2-
