4242 5459
1198 570 1894 649 FAVSTINA
1992 568 2502 647 SENIOR.
3315 602 3413 666 37

291 768 389 833 ab
422 768 770 835 Antonino
807 767 1096 858 primum
1134 773 1496 852 adscitum,
1548 784 1810 837 tantum
1898 771 2109 835 multo
2173 768 2403 855 postea
2461 790 2667 854 quam
2718 782 2989 835 mortuo
3053 772 3414 841 Hadriano

293 868 490 953 apud
556 864 951 930 successores
1021 870 1237 933 valuit
1260 917 1280 945 ‚
1352 882 1429 932 ut
1491 872 1811 955 deinceps
1894 869 2255 951 imperium
2301 867 2477 931 solus
2518 869 2753 932 tenuit.

290 959 444 1026 fe're
479 958 818 1026 constante
848 963 996 1048 lege
1025 966 1191 1028 illud
1216 965 1334 1030 nbi
1365 967 1812 1050 imponerent,

292 1071 508 1141 atque
532 1075 683 1120 cum
706 1059 975 1145 Augusti
999 1064 1269 1124 nomine
1307 1059 1495 1123 velut
1526 1063 1812 1128 unirent.
2400 1061 2446 1125 I
2458 1080 2520 1123 m
2529 1081 2577 1144 p
2594 1080 2675 1125 er
2697 1072 2833 1127 ato
2853 1081 2918 1127 r.

290 1153 461 1235 Quo
496 1156 833 1236 pertinent
866 1156 1078 1220 verba
1116 1155 1497 1220 Iustiniani:
1549 1156 1616 1237 ⁸)
1648 1159 1813 1246 ficut

262 1253 455 1315 'euim
490 1249 861 1317 Antoninus
891 1254 999 1318 ΡΙ
1004 1252 1126 1320 VS
1178 1255 1649 1337 cognominatus
1694 1257 1808 1342 ss,
1986 1258 2292 1322 ‘titulum
2314 1252 2748 1337 imperatoris
2769 1265 2918 1318 toto
2947 1254 3216 1340 imperii
3239 1269 3404 1319 tem-

282 1366 375 1412 εκ
426 1368 548 1433 quo
587 1348 772 1412 stiam
788 1349 1108 1434 appeHatio
1144 1346 1290 1413 haec
1319 1348 1407 1413 ad
1446 1369 1565 1413 nos
1593 1369 1809 1435 pervae·
1890 1374 2057 1439 pore
2105 1375 2242 1418 una
2297 1361 2558 1417 tantum
2625 1351 2775 1413 vice
2812 1351 3023 1416 auxit.
3102 1349 3299 1416 Certe
3336 1354 3408 1416 in

280 1447 411 1508 nit.
464 1444 553 1507 Et
596 1439 1077 1530 Lampridius:
1126 1433 1194 1527 ι’)
1251 1446 1415 1509 Pius
1453 1466 1665 1511 verum
1699 1466 1810 1511 no·
1891 1470 2234 1520 marmore
2267 1446 2674 1511 Gruteriano
2728 1444 2842 1508 sub
2892 1449 3033 1527 ejus
3071 1447 3406 1511 excelsum

282 1559 429 1603 men
461 1540 779 1605 Antonini
805 1540 1062 1622 habuit,
1127 1561 1461 1626 cognomen
1503 1543 1665 1607 PII.
1895 1546 2111 1631 polito
2167 1546 2417 1610 dicitur
2470 1542 2618 1605 TR.
2676 1543 2751 1603 P.
2785 1542 3030 1605 xxiv.
3082 1542 3268 1604 IMP.
3315 1545 3403 1607 11.

386 1636 697 1719 Tempus
734 1637 1052 1723 adoptati
1090 1636 1285 1719 hujus
1334 1637 1424 1698 ab
1473 1640 1811 1704 Antonino
1896 1639 2088 1704 COS.
2125 1641 2281 1704 1111.
2308 1637 2372 1718 ⁶)
2407 1633 2562 1716 Quo
2602 1656 2780 1700 anno
2815 1638 3020 1700 decus
3043 1637 3176 1700 hoc
3208 1640 3407 1702 itera·

276 1732 585 1797 nominis
644 1732 803 1796 satis
874 1735 1073 1820 supra
1134 1753 1219 1796 ex
1282 1735 1502 1797 numis
1581 1733 1811 1799 defini·
1896 1738 2108 1814 verit,
2162 1734 2399 1821 paucis
2430 1732 2765 1818 disputavi
2800 1732 2999 1816 supra
3044 1733 3130 1795 ad
3156 1753 3407 1796 annum

276 1832 514 1895 vimus
537 1875 558 1904 ,
612 1832 926 1894 nimirum
962 1850 1213 1895 annum
1240 1832 1320 1893 V.
1358 1829 1434 1892 C.
1469 1844 1596 1914 891
1623 1831 1811 1896 haud
1894 1834 1975 1898 V.
2002 1831 2076 1897 C.
2105 1832 2382 1920 893.ad
2406 1849 2682 1896 numum
2721 1828 3284 1896 IMPERATOR.
3322 1831 3406 1895 11.

1563 2118 2142 2189 PRETIVM.

270 2320 327 2385 C
319 2320 625 2382 ommatis
672 2314 941 2381 Romani
958 2339 980 2377 .-

480 2416 691 2478 Aurei
744 2423 811 2474 et
860 2411 1163 2494 argentei
2976 2406 3053 2470 C.

472 2510 691 2572 Aenei
744 2525 929 2570 max.
987 2507 1170 2569 mod.
2990 2502 3136 2565 ΒΕ.

475 2604 696 2668 Aenei
748 2603 800 2666 1.
857 2614 926 2665 et
974 2601 1059 2665 11.
1110 2598 1380 2666 formae
2973 2598 3054 2662 G.

471 2701 686 2768 Aenei
739 2698 858 2761 111.
909 2697 1177 2761 formae
1415 2733 1438 2749 ·
1633 2734 1664 2750 -
1860 2734 1889 2748 -
2082 2734 2116 2752 -
2982 2696 3065 2758 R.

267 2793 622 2869 commatis
651 2796 978 2880 peregrini
995 2818 1017 2859 .·

468 2896 795 2977 Argentei
864 2891 1131 2952 urbium
1205 2886 1621 2953 Graecarum
2985 2888 3112 2952 m’.

478 2990 691 3055 Aenei
736 2988 972 3050 variae
1022 2984 1288 3049 formae
1410 3022 1435 3033 -
2986 2983 3068 3049 R.

469 3085 919 3149 Coloniarum
2975 3082 3060 3143 R,

467 3178 910 3247 Alexandrini
2984 3175 3064 3241 C.

1229 3465 1859 3534 FAVSTJNA
1953 3466 2413 3540 SENIOR.

354 3668 588 3735 Annia
630 3660 911 3728 Galeria
948 3657 1303 3741 Faustina,
1355 3671 1428 3723 ut
1469 3678 1620 3721 eam
1654 3676 1784 3719 vo·
1868 3661 2049 3740 quod
2096 3649 2479 3722 Faustinam
2529 3659 2666 3739 jam
2707 3656 2919 3722 divam
2978 3659 3381 3743 pronunciat

250 3782 367 3834 cat
402 3760 878 3848 Capitolinus,
902 3748 968 3840 11)
1018 3757 1364 3822 Antonino
1402 3753 1625 3818 adhuc
1651 3755 1783 3840 pri·
1865 3756 1931 3818 in
1975 3756 2291 3817 Antonini
2329 3753 2674 3817 tribunatu
2716 3754 2830 3820 lv,
2856 3799 2878 3831 ‚
2930 3773 3128 3839 quem
3164 3754 3221 3815 is
3265 3772 3381 3817 eo·

251 3876 432 3927 vato
481 3861 846 3939 conjuncta
884 3873 1046 3916 mox
1102 3850 1247 3939 post
1290 3852 1623 3915 Hadriani
1666 3869 1783 3912 ex·
1867 3852 2022 3913 dem
2059 3869 2239 3913 anno
2286 3850 2668 3935 auspicatus
2717 3847 2827 3913 est.
2880 3851 2957 3914 In
2983 3850 3202 3912 numis
3238 3854 3380 3932 eju·

250 3959 507 4025 cessum
564 3951 837 4018 titulum
918 3951 1279 4035 Augustae.
1361 3960 1433 4012 ut
1503 3946 1784 4009 maritus
1866 3945 2354 4010 Alexandrinis
2402 3946 2684 4030 legimus
2706 3966 2956 4009 annum
2995 3945 3126 4023 V.,
3179 3966 3381 4029 quem

246 4058 402 4128 Pii,
459 4052 755 4114 asenatu
788 4048 1072 4130 accepit.
1113 4046 1178 4122 Β)
1228 4045 1480 4107 Verum
1507 4043 1775 4107 nondiu
1855 4063 2205 4106 numerum
2245 4043 2742 4128 explicavimus
2769 4044 2837 4105 in
2861 4043 2991 4106 hac
3016 4061 3373 4106 numorum

251 4152 418 4215 huie
449 4146 701 4210 honori
742 4141 1064 4228 superfuit
1098 4142 1282 4205 elata
1320 4143 1522 4203 tertio
1561 4142 1773 4218 impe·
1857 4139 2076 4203 classe.
2126 4139 2190 4201 T
2196 4136 2323 4200 esse
2364 4157 2706 4201 marmore
2760 4135 3030 4201 Gruteri
3090 4134 3153 4217 ⁸)
3205 4140 3380 4202 vixit

246 4248 337 4310 rii
364 4262 567 4310 ‘anno
607 4243 688 4304 V.
722 4239 800 4305 C.
842 4251 1019 4317 894,
1070 4250 1146 4300 ut
1198 4238 1408 4300 tradit
1441 4235 1776 4322 Capitoli·
1859 4254 2074 4300 annos
2125 4233 2427 4301 XXXVI.
2461 4234 2714 4297 menses
2754 4233 2876 4298 111.
2921 4235 3065 4298 dies
3102 4234 3218 4301 XI.
3297 4235 3374 4299 In

245 4361 423 4419 nus,
478 4350 550 4401 et
584 4336 906 4401 consentit
942 4353 1246 4397 marmor
1284 4333 1690 4408 Muratorii‚
1721 4320 1778 4414 f)
1860 4352 1944 4395 eo
2031 4342 2348 4416 praetera
2405 4330 2666 4395 omissis
2736 4329 3013 4414 reliquis
3088 4328 3367 4415 legitur:

319 4553 382 4615 a)
424 4545 656 4599 Novell.
688 4545 1015 4599 LXXVIII.
1055 4561 1100 4597 c.
1167 4586 1182 4601 .
1322 4540 1380 4603 b)
1420 4542 1475 4592 in
1505 4539 1982 4596 Dindumeniano.
2016 4572 2021 4576 -
2136 4545 2189 4612 c)
2224 4541 2357 4611 Pag,
2392 4543 2509 4612 256.
2544 4542 2599 4602 6,
2738 4539 2801 4610 d)
2838 4539 2934 4595 sub
2962 4542 3081 4601 init.
3116 4538 3371 4600 Ant.1²ii.

248 4631 305 4674 ez
331 4620 419 4682 Μ,
458 4613 654 4672 Annl.
829 4615 881 4679 e)
926 4613 1122 4698 Capito
1145 4615 1222 4665 in.
1249 4612 1307 4663 in
1336 4612 1547 4664 Anton.
1683 4609 1729 4680 f)
1760 4610 1897 4682 Pag,
1929 4626 2048 4682 239.
2071 4627 2126 4682 3.
2264 4614 2315 4682 g>
2353 4611 2488 4682 Pag.
2525 4613 2643 4664 ωσι.
2676 4626 2730 4679 3.
