4242 5459
159 3175 169 3182 ·
271 3151 491 3229 tatum
538 3152 679 3228 est,

1455 520 2226 675 sALovas.

283 761 605 844 inquam,
657 765 812 821 enm
868 776 1011 822 non
1051 776 1097 820 a
1149 767 1345 841 patre
1392 754 1807 834 Valeriano,

283 858 394 920 Sed
431 854 643 918 fratre
684 851 997 916 Gallieno
1029 854 1319 916 summos
1352 853 1808 918 honores-ad-

289 952 635 1027 tecutum,
692 960 760 1011 et
806 949 1080 1031 quidem
1131 947 1436 1013 Caesaris
1478 951 1659 1012 cirea
1692 968 1809 1011 an-

285 1066 449 1110 num
498 1046 572 1110 P.
634 1047 713 1110 X.
754 1048 935 1119 260,
989 1042 1259 1129 Augusti
1328 1046 1511 1108 circa
1561 1063 1813 1107 annum

280 1143 358 1206 P.
411 1142 492 1203 X.
535 1143 694 1218 264.
771 1140 950 1224 Ergo
982 1152 1203 1203 totum
1243 1153 1550 1227 tempuS,
1627 1140 1814 1223 quod

278 1236 416 1299 five
481 1232 768 1312 Caesar,
845 1235 979 1297 live
1024 1233 1350 1319 Augustus
1423 1237 1694 1321 exegit,
1742 1237 1808 1299 in

283 1329 583 1395 Gallieni
639 1344 934 1395 aetatem
986 1332 1194 1398 cadit.
1302 1332 1492 1396 Haec
1543 1331 1587 1394 fi
1647 1352 1815 1395 vera

280 1426 466 1504 sunt,
517 1447 721 1490 nemo
769 1428 936 1504 erit,
986 1428 1100 1511 qui
1138 1447 1272 1490 non
1315 1427 1404 1491 ab
1459 1431 1600 1509 ejus
1660 1447 1807 1491 mo-

278 1535 449 1586 neta
493 1524 796 1604 ejusdem
839 1524 1101 1607 generis
1133 1535 1345 1608 typos
1374 1525 1626 1617 exigat,
1665 1524 1807 1605 qui-

278 1616 409 1680 bue
446 1617 724 1701 insignes
760 1617 953 1679 fuere
995 1638 1182 1680 nunu
1228 1616 1518 1680 Gallieni
1564 1602 1809 1681 ‘conle-

276 1731 429 1798 gae.
478 1712 860 1786 Novimus,
916 1724 1109 1774 vetus
1146 1710 1334 1774 fuiss'e
1396 1710 1805 1791 institutum,

284 1820 357 1869 ut
400 1810 859 1890 imperatores
888 1819 1093 1889 typos
1124 1806 1275 1870 suos
1309 1828 1462 1872 cum
1504 1808 1804 1893 conlegis

274 1901 634 1988 Augustis,
684 1915 803 1966 aut
842 1887 1000 1965 filiis
1050 1902 1452 1969 Caesaribus
1503 1924 1803 1968 commu-

277 2000 611 2076 nicarent,
662 1999 870 2084 quod,
924 2000 1176 2083 quippe
1210 1999 1543 2062 tironibus
1579 2002 1802 2083 cogni-

277 2107 447 2172 tum,
499 2095 834 2179 exemplis
860 2091 1153 2156 stabilire
1178 2095 1597 2179 supersedeo,
1628 2115 1805 2178 quae

279 2191 491 2254 obvia
548 2191 692 2254 sunt
729 2204 883 2253 ante
924 2202 989 2252 et
1022 2187 1163 2274 post
1201 2188 1491 2253 Gallieni
1535 2210 1803 2255 aevum.

271 2274 610 2353 Novimus
630 2288 862 2362 etiam,
919 2287 984 2348 in
1011 2287 1320 2372 universa
1338 2285 1628 2351 Gallieni
1664 2292 1803 2348 md-

276 2395 437 2445 neta
478 2383 643 2460 else,
696 2395 1024 2467 quantum
1092 2384 1170 2444 in
1211 2383 1457 2445 nullius
1507 2382 1802 2466 impera-

280 2481 494 2555 toria,
546 2482 828 2557 miram,
882 2499 1170 2563 eamque
1214 2480 1802 2558 noninjucundam

276 2587 605 2659 typorum
641 2576 1085 2657 varietatem,
1139 2575 1516 2658 horumque
1553 2575 1801 2638 multos

278 2670 505 2735 adhue
555 2671 938 2756 incognitos
971 2691 1366 2755 novosque,
1421 2671 1802 2756 propofitos

272 2770 957 2853 maiorum-gentium
1000 2769 1177 2832 deos
1229 2768 1635 2851 plerosque,
1707 2766 1802 2831 le-

274 2866 513 2949 giones
534 2909 559 2941 ,
613 2866 911 2929 virtutes-
940 2864 1461 2945 etc...Quoniam
1496 2865 1577 2926 id.
1593 2884 1801 2949 genus

273 2960 429 3044 typi
482 2979 699 3046 neque
738 2963 811 3023 in.
858 2960 1078 3023 numis
1136 2960 1493 3037 Valeriani·
1547 2962 1799 3044 patris,

273 3077 495 3140 neque
527 3057 832 3121 Salonini
874 3056 997 3119 filii
1040 3068 1479 3140 comparent,
1532 3055 1800 3118 indubi-

721 3152 879 3215 illos
924 3150 1071 3237 post
1105 3154 1455 3237 utriusque
1487 3153 1798 3215 miserum

262 3246 849 3312 fatum·adh=iberi
890 3260 1217 3332 coeptos»,
1263 3268 1505 3331 nempe
1543 3247 1647 3309 ab.
1682 3268 1798 3310 an-

236 3364 363 3408 ·no
398 3345 482 3407 V.
529 3343 607 3408 C.
659 3364 835 3427 ior3
874 3346 946 3409 P.
993 3347 1087 3410 X·.
1117 3348 1307 3419 26o,·
1349 3340 1543 3407 idest
1585 3342 1672 3405 ab
1713 3363 1796 3405 eo

262 3451 641 3525 tempore„
676 3460 725 3503 a
767 3459 913 3522 quo
944 3438 1292 3504 Gallienus
1337 3438 1631 3503 fratrem
1653 3442 1794 3502 Va-

266 3535 644 3613 lerianum,
696 3548 770 3599 ut
809 3538 1031 3616 ajunt,
1084 3536 1200 3599 libi
1222 3535 1535 3602 sociavit..
1588 3536 1794 3620 Ergo,

267 3632 575 3716 inquies,
629 3631 985 3696 verilimile
1056 3631 1187 3710 est,
1208 3631 1539 3695 -fratrum
1584 3644 1792 3716 typos

263 3723 417 3791 fore
442 3749 859 3792 communem
911 3728 1229 3792 Falleris.
1283 3728 1797 3811 Quantumcun-

266 3842 400 3905 que
435 3827 667 3907 voleS,
717 3838 936 3888 totam
980 3826 1329 3889 Valeriani
1367 3824 1498 3887 live
1553 3823 1793 3888 Caesa-

257 3919 403 3996 ris,
455 3919 585 3984 [ive
612 3919 883 4007 Augusti
924 3935 1268 3986 monetam
1305 3918 1606 4006 lustrato,
1649 3920 1791 3983 nul-

246 4015 404 4079 ham
450 4036 547 4079 ex
574 4017 677 4080 his
710 4018 1007 4104 reperies
1053 4020 1298 4094 etiam,
1358 4018 1473 4101 qui
1510 4037 1644 4081 non
1680 4037 1792 4080 ex-

254 4106 458 4175 staret
513 4113 585 4176 in
636 4127 919 4177 moneta
984 4113 1347 4178 Valeriani·
1406 4115 1671 4198 patris,
1748 4110 1789 4174 fi

248 4208 569 4292 principis-
605 4211 965 4294 juventutis
1020 4229 1262 4273 numos
1327 4212 1603 4275 demas..
1684 4212 1790 4271 An

254 4321 396 4367 non
436 4304 542 4366 vel
576 4306 708 4370 hoc
749 4326 883 4369 uno
929 4302 1349 4369 manifestum
1406 4304 1517 4387 fit,
1586 4305 1791 4368 Vale-

251 4400 525 4461 rianum
574 4421 709 4465 non
751 4402 940 4465 fuiss'e
980 4402 1302 4465 sociatum
1341 4399 1569 4478 fratri,
1594 4420 1791 4483 ‚quo-

347 4587 537 4674 (Vol.
575 4592 798 4679 Vn.)

3275 576 3413 649 433

1897 756 2005 819 mi·
2039 755 2220 818 intra
2260 768 2482 814 annos
2512 751 2793 814 omnino
2830 764 2989 814 octo
3028 748 3299 836 signati,
3347 769 3416 818 et

1899 851 2085 934 quod
2132 847 2574 931 consequitur,
2626 846 2810 911 mala
2852 847 3026 924 fide,
3064 867 3240 929 quae
3275 849 3417 912 usu-

1897 948 2257 1030 capionem
2296 963 2430 1007 non
2467 944 2805 1018 admittit,
2859 943 3215 1029 occupass'e
3270 943 3416 1015 fun-

1901 1042 2059 1104 dum
2095 1043 2333 1128 nepoti
2367 1039 2694 1129 Salonino
2733 1040 2960 1123 inique
2996 1041 3417 1127 ademptum.

1902 1138 2104 1201 Addo
2141 1139 2337 1221 huius
2376 1148 2680 1209 naturae,
2708 1147 3173 1220 argumentum
3230 1137 3423 1203 aliud

1899 1233 2115 1296 multo
2173 1232 2692 1298 validissimum.
2823 1229 2991 1294 Cum
3049 1233 3184 1295 duo
3238 1231 3455 1295 limul'

1895 1326 2089 1390 fuere
2128 1325 2450 1414 Augusti,
2503 1328 2658 1388 inde
2694 1347 2738 1389 a
2798 1325 3050 1391 Severo
3093 1328 3159 1390 in
3208 1332 3427 1391 omni·

1896 1424 2020 1487 bus
2072 1424 2364 1499 averiis,
2417 1422 2740 1504 liquidem
2795 1421 2962 1485 hae
2981 1425 3248 1507 utrique
3302 1445 3422 1509 ap-

1895 1520 2136 1604 plicari
2159 1533 2496 1604 potuere,
2546 1517 2739 1581 scribi
2770 1520 3114 1582 consuevit
3151 1518 3423 1589 AVGG.

1892 1634 2018 1698 pro
2043 1615 2252 1680 AVG.
2304 1618 2554 1679 Verum
2589 1615 2656 1676 in
2677 1617 2897 1678 numis
2922 1614 3234 1679 omnibus
3254 1613 3421 1680 Gal-

1890 1709 2088 1785 lieni,
2145 1730 2234 1773 ex.
2274 1730 2415 1795 quo
2454 1723 2649 1795 pater
2686 1691 3092 1776 Valerianus
3150 1725 3271 1775 aut
3291 1715 3417 1777 ·-de

1892 1804 2130 1887 cessit,
2197 1820 2316 1871 aut
2400 1807 2646 1891 negligi
2709 1809 2977 1892 coepit,
3046 1806 3422 1872 constanter

1894 1901 2111 1964 valuit
2148 1901 2427 1989 fimplex
2459 1901 2717 1979 AVG..,
2773 1903 2932 1985 quin
2968 1916 3040 1965 et
3078 1906 3147 1967 in
3199 1909 3421 1968 numia
3531 1950 3534 1955 -

1886 2000 2239 2060 numinum
2278 1997 2593 2061 omnibus
2659 1999 3014 2082 Iuppiter,
3066 2001 3419 2080 Hercules,

1885 2093 2272 2175 NeptunuS„
2312 2093 2564 2176 aliique
2593 2090 3154 2159 CONServatoae-es
3174 2097 3382 2162 AVG.
3402 2146 3423 2176 ,

1887 2188 2384 2262 certaindicio,
2439 2189 2691 2250 nullum
2736 2200 2880 2251 tum
2922 2190 3173 2269 alium,
3217 2213 3413 2277 prae-

1886 2293 2196 2367 terquam
2240 2281 2620 2348 Gallienum
2651 2331 2678 2363 ‚1
2725 2286 3026 2370 agnitum
3057 2284 3250 2351 fuill’e
3274 2292 3409 2352 Au·

1890 2377 2167 2463 gustum.

1983 2476 2138 2539 Non
2191 2476 2414 2540 minus
2456 2489 2652 2564 urget
2719 2493 3186 2565 argumentum
3242 2483 3409 2547 alte·

1887 2590 2035 2633 rum
2106 2594 2151 2636 a
2231 2574 2451 2637 numia
2530 2573 3009 2640 Alexandrinis
3096 2581 3422 2664 petitum..

1889 2667 2112 2749 Quam
2149 2670 2378 2734 sedula
2425 2671 2559 2734 hoc
2599 2690 2790 2735 aevo
2826 2677 3175 2759 Aegyptus
3205 2674 3413 2740 fuerit

1885 2766 1954 2827 in
2008 2765 2392 2831 dedicanda
2451 2768 2868 2853 principibus
2919 2769 3045 2834 suis
3098 2784 3410 2838 moneta.

1884 2875 2130 2925 norunt
2183 2863 2408 2928 musea
2447 2865 2700 2927 omnia.
2755 2873 2978 2948 Atque
3019 2867 3131 2931 hic
3180 2867 3411 2933 adfec-

1886 2968 1992 3019 tus
2035 2977 2170 3022 non
2210 2961 2296 3023 ad
2336 2961 2515 3025 solos
2572 2973 2834 3025 tantum
2898 2963 3228 3049 Augustos
3289 2985 3411 3030 va-

1882 3052 2059 3129 luit,
2106 3054 2218 3118 fed
2254 3054 2574 3122 Caesares
2613 3059 2859 3137 etiam,
2911 3073 2980 3123 et
3036 3061 3215 3148 ipsae
3269 3065 3408 3125 Au·
3501 3141 3512 3150 ο

1882 3147 2125 3233 gustas.
2203 3152 2412 3218 Obvii
2447 3173 2609 3240 ergo
2655 3153 2800 3218 sunt
2839 3159 3022 3221 numi
3061 3158 3411 3221 Valeriani

1881 3244 2158 3310 senioris
2200 3261 2272 3310 et
2303 3248 2642 3329 Gallieni,
2713 3253 2873 3332 quin
2913 3262 2988 3312 et
3035 3252 3404 3316 saloninae

1881 3360 2004 3425 per
2042 3360 2276 3405 omnes
2314 3343 2460 3408 fere
2498 3364 2716 3410 annos
2754 3347 2950 3423 XV..
2996 3349 3239 3429 quibus
3282 3348 3405 3419 im-

1882 3441 2158 3518 peravit
2187 3442 2522 3520 maritus,
2575 3443 3039 3505 continuatam
3075 3442 3405 3507 habemus

1882 3544 2266 3601 monetam..
2330 3535 2637 3600 Salonini
2675 3538 2894 3615 numi,
2903 3551 3019 3602 ,ut
3060 3539 3406 3619 vidimus,

1880 3624 2140 3690 exstant
2198 3643 2492 3713 quatuor
2545 3633 2756 3696 variis
2842 3636 3036 3697 annis
3097 3635 3403 3722 infignec.

1878 3724 2284 3788 Succefl'oris
2327 3727 2598 3792 Claudii
2635 3728 2819 3791 numi
2853 3731 2921 3793 in
2960 3731 3093 3795 hac
3131 3734 3407 3818 regione
3469 3742 3482 3751 '

1844 3819 2156 3911 signati,
2209 3822 2318 3884 etii
2376 3823 2581 3888 breve
2625 3823 2757 3887 fuit
2813 3829 2961 3909 eJus
3001 3829 3406 3915 imperium,

1878 3928 2160 4002 propter
2211 3921 2485 4004 copiam
2539 3900 2884 3986 vilescunt.
2992 3925 3173 3988 Inter
3229 3927 3406 4017 haec

1878 4013 2031 4097 quis
2071 4011 2187 4078 fibi
2219 4034 2357 4079 non
2403 4017 2884 4102 persuadebit,
2919 4022 3264 4104 parabiles
3302 4025 3404 4088 es-

1877 4110 1937 4171 se
1967 4108 2218 4175 debere
2253 4112 2602 4176 Valeriani
2630 4116 3021 4195 juniorisid
3055 4141 3261 4204 genus
3286 4145 3402 4188 nu-

1877 4225 2027 4268 mos
2051 4254 2087 4283 ,,
2127 4209 2252 4292 qui.
2284 4221 2443 4272 octo
2477 4210 2655 4295 ipsos
2692 4230 2914 4278 annos
2947 4216 3074 4279 seu.
3106 4216 3400 4299 Caesae,

1878 4300 1983 4364 seu
2025 4302 2352 4389 Augustus
2392 4305 2702 4371 summae
2729 4309 2827 4370 rei
2878 4311 3230 4395 praefuiss'e
3261 4314 3404 4379 fer.

1876 4401 2033 4461 tur?
2119 4399 2378 4465 Contra
2411 4406 2685 4468 accidit.
2794 4404 3062 4492 Ereptis
3109 4412 3421 4497 imperia

122 4519 129 4525 ·
218 4494 437 4565 „niam
485 4494 651 4560 istud
694 4518 830 4562 non
870 4498 1193 4565 eess‘arent
1236 4479 1648 4586 praedicare
1670 4516 1787 4561 nu·
1870 4496 2168 4581 primum
2205 4496 2579 4581 Salonino,
2632 4501 2875 4565 deinde
2908 4504 3278 4575 Valeriano
3307 4509 3405 4575 se

2890 4599 3010 4666 lii
