4242 5459
707 579 712 583 ,
775 597 924 671 3²4

747 777 882 856 cti,
934 782 1004 840 et
1028 771 1116 836 ad
1149 768 1473 832 summum
1505 756 1879 846 fastigium,
1945 773 2079 842 quo
2128 762 2270 816 ten·

747 873 910 939 dere
974 867 1274 934 conditio
1333 859 1637 924 mortalis
1697 850 1958 941 potest,
2022 852 2268 913 virtute

731 988 831 1033 ac
870 963 1237 1032 tolerantia
1273 957 1477 1024 enixi.
1571 952 1754 1016 Tam
1803 943 2269 1010 memorabilis

745 1063 1027 1128 fortuna
1094 1056 1259 1121 nulli
1343 1049 1633 1135 imperio
1692 1059 1837 1109 tam
1896 1040 2271 1106 liberaliter

737 1182 836 1228 ac
874 1155 1142 1245 profuse
1186 1148 1492 1215 concess'a
1535 1142 1852 1207 omnibus
1905 1136 2092 1225 orbis
2157 1152 2269 1197 co-

748 1256 918 1346 gniti
966 1248 1275 1339 gentibus
1309 1255 1428 1308 aut
1471 1240 1716 1308 servire
1776 1234 2077 1305 coactiS,
2151 1238 2271 1293 aut

733 1353 847 1417 -ad
883 1365 1131 1415 nomen
1159 1345 1238 1407 R.
1273 1338 1616 1425 trepidare
1639 1379 1660 1410 ,
1712 1330 2099 1395 merebatur
2124 1344 2270 1388 om·

748 1448 952 1530 nibus
989 1436 1460 1512 caerimoniis,
1511 1426 1964 1517 gratulatione
1989 1470 2009 1501 ,
2060 1440 2145 1487 ac
2169 1420 2275 1482 lu-

735 1543 1001 1608 dorum'
1029 1529 1533 1620 magnificentia
1571 1521 1923 1595 celebrari,
2012 1517 2273 1600 Coepe-

751 1651 863 1704 rat
891 1639 950 1701 is
990 1650 1205 1700 annus
1245 1648 1292 1691 a
1330 1621 1657 1710 parilibus
1686 1666 1705 1694 ,
1759 1617 1892 1681 live
1930 1616 2041 1678 die
2090 1611 2272 1676 XXI.

750 1732 1009 1819 Aprilis
1066 1725 1227 1793 anni
1273 1723 1585 1809 proxime
1638 1713 1885 1799 elapsi,
1972 1710 2086 1794 qui
2142 1706 2274 1771 fuit

750 1828 899 1915 post
921 1813 1249 1891 Christum
1286 1829 1520 1881 natum
1565 1824 1743 1889 247,
1795 1819 1864 1872 et
1888 1803 2103 1870 exivit
2155 1821 2270 1865 eo·

681 1939 688 1946 ’
740 1928 910 1989 dem
955 1919 1067 1985 die
1120 1916 1280 1982 anni
1325 1908 1712 1999 praesentis.
1816 1904 1893 1967 In
1954 1899 2273 1963 ludorum

752 2020 975 2086 omnis
1024 2013 1286 2102 generis
1330 2007 1536 2094 copia
1575 2016 1642 2068 et
1670 2002 1936 2087 ingente
1977 2011 2272 2080 appara·

747 2129 822 2181 tu
872 2111 1257 2197 conspirant
1315 2103 1637 2189 quidem,
1677 2095 1838 2182 ⁴qui
1880 2090 2221 2179 supersunt
2252 2134 2273 2168 ,

752 2221 1070 2278 auctores
1132 2215 1730 2288 veteres,-verum
1775 2194 1844 2258 in
1885 2207 2066 2254 anno
2128 2186 2280 2251 dis--

751 2306 1076 2381 sentiunt,
1122 2319 1258 2388 quo
1296 2291 1624 2361 celebrati
1663 2290 1733 2354 hi
1775 2286 1942 2352 ludi.
2015 2284 2274 2348 Eorum

751 2405 842 2470 D.
888 2401 1348 2481 Hieronymus
1378 2392 1469 2457 ad
1506 2401 1721 2456 annos
1759 2380 1905 2471 post
1942 2377 2274 2444 Christum

759 2510 898 2579 245
939 2509 1006 2560 et
1048 2494 1186 2571 246
1225 2488 1553 2555 meminit.
1607 2478 1878 2548 omnus
1901 2487 1969 2541 et
1995 2476 2271 2538 lornan-

749 2598 876 2661 des
913 2589 1307 2666 constitutos
1337 2583 1652 2648 adserunt
1688 2587 1936 2641 exacto
1972 2566 2273 2652 Philippi

752 2692 1086 2764 triennio,
1140 2683 1323 2767 quod
1360 2694 1602 2741 revera
1658 2672 1724 2734 in
1770 2685 2019 2732 annum
2078 2664 2151 2726 P.
2189 2663 2273 2726 Χ.

743 2800 934 2868 ‚247,
989 2785 1096 2847 seu
1141 2778 1355 2863 ipsum
1404 2787 1653 2835 annum
1700 2760 2117 2828 millesimum
2161 2773 2271 2817 ca-

751 2884 873 2947 dit.
927 2871 1320 2959 Capitolino
1368 2866 1506 2930 acti
1546 2863 1858 2924 dicuntur
1919 2853 1987 2915 in
2039 2849 2273 2915 consu·

751 2979 894 3042 latu
939 2968 1453 3048 Philipporum,
1514 2955 1581 3036 ⁸)
1648 2951 1965 3016 oratione
2019 2944 2272 3022 dubia,

749 3086 914 3137 nam
955 3061 1223 3127 duobus
1260 3053 1454 3121 annis
1495 3045 1871 3123 continuis,
1923 3059 2169 3128 nempe
2195 3042 2273 3104 P.

752 3167 836 3230 X.
890 3170 1027 3238 247
1061 3167 1131 3218 et
1162 3163 1299 3230 248
1349 3168 1486 3212 una
1521 3142 1893 3234 processere
1944 3137 2272 3203 consules.

752 3265 845 3324 At
880 3251 1293 3321 Cassiodoro
1342 3242 1723 3310 consulibus
1757 3236 2153 3302 Aemiliano
2206 3244 2275 3295 et

751 3352 1134 3442 Aquilino,
1179 3344 1331 3432 equi
1399 3336 1772 3428 processere
1821 3352 2004 3398 anno
2053 3332 2133 3400 Ρ.
2192 3330 2271 3394 X.

689 3443 698 3454 “
756 3463 919 3535 249.
982 3443 1310 3515 Siludos‘
1336 3439 1464 3503 hos
1502 3457 1587 3500 ex
1624 3431 1914 3497 nominis
1948 3429 2102 3514 lege
2138 3424 2275 3511 spe·

753 3562 941 3625 ctes,
1025 3541 1408 3609 celebratos
1458 3530 1766 3618 oportuit
1816 3544 1996 3590 anno
2054 3523 2130 3598 Ρ.
2192 3521 2273 3583 X.

1897 544 2600 648 PHILIPPVS
2698 545 2759 623 1.

2347 750 2450 815 lus
2482 767 2660 815 anno
2701 745 2933 835 priore
2978 740 3260 833 lignatus
3300 740 3545 811 horum
3602 743 3885 814 solenni·

2348 868 2463 912 um
2510 847 2921 908 mentionem
2973 841 3191 921 facit,
3246 853 3319 906 at
3370 841 3706 908 habemus
3769 864 3885 909 co·

2350 942 2615 1026 piosos,
2668 941 2782 1023 qui
2833 960 2987 1002 cum
3041 938 3143 1000 his
3206 938 3386 1002 ludis
3454 938 3875 1004 consulatum

2348 1039 2468 1101 ΙΙΙ.
2512 1037 2808 1119 Philippi
2844 1034 3055 1119 patris
3080 1079 3100 1110 ,
3151 1043 3271 1098 aut
3320 1032 3402 1097 Π.
3438 1032 3559 1098 filii
3590 1039 3867 1118 conjun-

2347 1145 2510 1220 gunt
2538 1179 2557 1209 ‚
2611 1129 2962 1217 quaesunt
2998 1139 3186 1193 certa
3226 1129 3481 1193 indicia
3523 1131 3682 1194 anni
3722 1132 3877 1217 post

2351 1225 2680 1293 Christum
2736 1239 2897 1304 248.
2971 1223 3287 1301 Ceterum
3358 1243 3575 1310 neque
3633 1227 3877 1291 Victor
3982 1307 4005 1316 ι

2349 1324 2748 1389 adversatur
2816 1340 2997 1385 anno
3082 1341 3333 1385 annum
3370 1372 3384 1384 .
3423 1313 3877 1388 millenarium

2350 1419 2817 1503 consequenti,
2868 1436 3030 1481 nam
3080 1418 3418 1501 queritur,
3490 1404 3553 1499 l’)
3603 1417 3718 1481 sua
3765 1439 3882 1482 ae·

2352 1528 2492 1580 tate
2532 1512 2677 1601 post
2712 1531 2927 1577 annos
2964 1512 3147 1585 mille
3186 1508 3610 1575 centesimum
3643 1514 3879 1577 consu·
3918 1564 3929 1570 -

2351 1611 2415 1673 le
2454 1609 2774 1693 Philippo
2821 1606 3203 1684 excessiss'e,
3244 1606 3491 1684 nullis,
3546 1610 3641 1671 uti
3677 1607 3875 1689 solet,

2342 1703 2734 1776 ,solennibus
2800 1702 3333 1787 frequentatum.
3431 1705 3521 1766 At
3587 1702 3696 1767 hic
3762 1705 3876 1770 Fl.

2349 1800 2652 1887 Philippi
2690 1798 3071 1863 consulatus
3106 1799 3323 1863 cadit
3346 1798 3416 1862 in
3486 1818 3735 1864 annum
3790 1803 3881 1865 V.

2344 1895 2431 1961 C.
2490 1919 2515 1959 1
2540 1914 2661 1961 101
2712 1897 2788 1967 Ρ.
2826 1896 2909 1961 Χ.
2934 1906 3077 1978 348
3103 1942 3125 1975 ,
3175 1896 3366 1977 quod
3408 1907 3883 1977 argumentum

2347 1996 2492 2076 jam
2538 1990 2767 2056 attulit
2794 1989 3298 2054 Tillemontius.
3335 1989 3392 2073 ⁶)
3442 1989 3549 2052 Ex
3583 2011 3721 2075 quo
3752 2011 3878 2076 ap-

2353 2099 2590 2176 paret,
2641 2082 3035 2151 constituisse
3055 2083 3448 2170 Philippum
3474 2074 3724 2149 non'nili
3758 2107 3876 2151 ex-

2354 2186 2529 2250 actis
2550 2182 2744 2250 annis
2765 2181 2946 2244 mille
2969 2180 3096 2243 hos
3120 2179 3317 2244 ludos
3339 2200 3680 2267 peragere.
3719 2181 3877 2245 Cas-

2354 2279 2667 2345 siodorus
2684 2289 2752 2340 et
2784 2277 3244 2360 Hieronymus
3262 2272 3583 2340 testantur
3603 2319 3625 2352 ,
3675 2276 3879 2341 ludos

2352 2375 2724 2458 theatrales
2762 2373 2830 2436 in
2873 2371 3142 2457 Campo
3196 2372 3452 2436 Martio
3490 2372 3879 2437 celebratos

2352 2471 2566 2534 tribus
2612 2468 2851 2532 diebus
2885 2487 2970 2531 ae
3001 2466 3312 2531 noctibus
3364 2466 3624 2553 po‘pulo
3657 2470 3883 2553 pervi-

2353 2567 2606 2648 gilante
2630 2609 2651 2640 ,
2705 2582 2842 2645 quo
2878 2564 3246 2639 docemur,
3302 2574 3460 2626 acta
3493 2575 3635 2626 tum
3668 2583 3752 2627 ea
3790 2564 3883 2627 es·

2350 2659 2413 2721 se
2433 2705 2453 2736 ,
2508 2676 2684 2742 quae
2721 2658 2899 2720 ludis
2924 2657 3377 2721 saecularibus
3398 2659 3665 2744 agenda
3686 2637 3909 2744 prae-⁸

2352 2752 2578 2817 scribit
2631 2751 2951 2816 Zolimus.
2998 2744 3063 2834 ¹¹)
3115 2751 3545 2838 Capitolinus
3608 2754 3880 2834 leones,

2354 2847 2794 2933 elephantos,
2863 2848 3175 2931 aliasque
3228 2845 3412 2912 feras
3482 2862 3886 2929 enumerat,

2356 2962 2526 3029 quas
2562 2941 2951 3008 Gordianus
2992 2939 3113 3011 111.
3158 2943 3250 3007 ad
3302 2942 3634 3022 Persicum
3694 2945 3887 3011 suum.

2352 3038 2772 3125 triumphum
2809 3038 3177 3103 reservavit
3210 3084 3231 3117 ,
3279 3051 3399 3103 aut
3437 3043 3883 3128 congregavit

2350 3133 2539 3222 ipse,
2589 3134 2702 3200 sed
2745 3154 2916 3218 quas
2974 3134 3251 3200 subinde
3293 3134 3645 3223 Philippus
3702 3138 3885 3201 ludis

2351 3229 2809 3297 saecularibus
2870 3230 2986 3314 fl
3030 3230 3266 3310 dedit,
3341 3230 3456 3295 vel
3504 3232 3780 3299 occidit.
3820 3236 3881 3316 e)

2355 3326 2580 3391 Lubet
2629 3327 2698 3389 in
2754 3326 3065 3410 sequente
3125 3326 3450 3413 catalogo
3518 3347 3887 3394 humorum.

2352 3422 2602 3487 saeculi
2656 3422 2961 3485 milliarii
3017 3419 3281 3484 testium
3348 3436 3631 3510 propter
3686 3444 3885 3511 argu-

2355 3518 2563 3582 menti
2598 3518 3045 3612 concord‘vm
3082 3519 3489 3603 conjungere
3516 3521 3725 3584 etiam
3758 3541 3879 3584 nu-

2105 3664 2126 3694 ,
2251 3654 2276 3668 -
2352 3634 2505 3680 mos
2529 3611 2980 3698 Philippijun.
3006 3624 3072 3675 et
3096 3608 3439 3679 Otaciliae
3472 3616 3567 3679 ad
3594 3617 3880 3683 eosdem

754 3756 888 3824 que
928 3733 1287 3816 secundum
1323 3726 1502 3790 hanc
1536 3722 1757 3808 legem
1790 3729 1986 3781 actos
2019 3731 2141 3777 eos
2161 3729 2276 3775 an·

755 3851 848 3898 no
901 3831 987 3896 V.
1026 3825 1106 3891 C.
1164 3837 1302 3897 800
1360 3840 1405 3884 a
1454 3817 1749 3884 Claudio
1797 3809 2071 3878 constat.
2143 3810 2277 3872 Re-

754 3945 926 4018 vera
970 3919 1347 3999 Batonius,
1397 3914 1652 3996 aliique
1696 3908 1999 3974 nonnulli
2053 3923 2279 3968 recen·

745 4023 966 4102 ‘tiores
1025 4016 1312 4080 eundem
1363 4028 1614 4078 annum
1682 4016 1820 4084 247
1870 4003 2279 4067 maluerunt.

756 4122 851 4183 At
881 4113 1183 4201 plerique
1244 4105 1645 4189 chronologi
1694 4099 1815 4166 alii
1873 4115 2124 4162 annum
2186 4094 2276 4157 se·

2350 3709 2552 3778 ludos
2592 3710 3031 3795 pertinentes.

2642 3900 2828 3967 IMP.
2852 3899 3141 3978 M,·IVL.
3161 3839 3648 3967 PHILIPPirs.
3668 3900 3890 3970 AVG.

2655 3998 2863 4082 Caput
2898 3997 3066 4062 laur.
3100 3995 3378 4081 Philippi
3410 4000 3468 4063 I.

2354 3894 2454 3970 A.

2350 4090 2898 4159 thAva.
2950 4091 3466 4157 sAncvevM.
3522 4090 3691 4157 sc.
3736 4095 3899 4181 ap-

757 4224 1077 4300 quentem
1134 4216 1269 4283 248
1307 4200 1692 4290 praetulere
1759 4192 2047 4280 persuasi
2105 4191 2276 4254 invi·
2343 4210 2507 4275 pus,
2554 4192 2654 4254 cni
2693 4188 3055 4274 inscriptum
3097 4185 3291 4253 COS.
3339 4189 3460 4252 111.
3529 4189 3670 4260 ΔΕ.
3696 4189 3755 4256 Ι.
3797 4192 3900 4260 Π..

758 4322 873 4375 cto
911 4320 1276 4371 numerum
1312 4295 1694 4365 testimonio
1720 4339 1742 4372 ,
1795 4308 2087 4376 quorum
2135 4286 2279 4350 nul.-

2354 4281 2562 4368 (Mus.
2593 4280 2819 4365 caefi)
3376 4291 3409 4352 ²,

784 4457 3893 4507 w-

835 4551 894 4606 a}
932 4548 992 4599 in
1027 4538 1315 4598 Gordiano
1348 4537 1460 4598 111.
1495 4552 1541 4589 e.
1579 4548 1671 4602 33,

774 4615 848 4694 dy
869 4617 937 4672 1..
969 4614 1048 4672 11.
1089 4610 1184 4666 sub
1218 4611 1337 4662 init.
1527 4604 1587 4676 e)
1623 4605 1683 4655 in
1718 4595 1894 4655 Gora.
1925 4596 1963 4651 1.
2000 4611 2053 4659 e,

1918 4524 1975 4591 b>
2013 4528 2074 4581 in
2110 4521 2394 4586 Θεαῖε-ἠδ.
2428 4522 2524 4579 sub
2560 4523 2841 4598 Philippo.

3108 4526 3162 4593 ο)
3198 4486 3488 4612 uou'vr.
3522 4524 3585 4578 in
3618 4521 3886 4601 rmum».
