4242 5459
851 579 988 650 352

842 753 1103 818 racana
1141 752 1362 816 dictus
1403 748 1765 815 Bassianus
1808 771 1890 816 ex
1932 753 2206 816 nomine
2252 753 2367 816 avi

844 850 1175 924 materni,
1230 852 1288 930 ³)
1366 849 1778 935 Elagabalus
1818 861 1972 912 ante
2008 850 2366 935 imperium

846 948 1094 1010 Varius
1128 946 1366 1009 Avitus
1401 966 1444 1009 a
1479 957 1672 1029 patre
1694 956 1761 1006 et
1792 964 1954 1009 avo.
2008 945 2187 1029 Ergo
2215 965 2369 1007 cum

843 1047 986 1127 jam
1024 1030 1406 1107 ‘Herennius
1445 1041 1737 1106 DeciiF.
1770 1041 2047 1105 nomina
2086 1041 2201 1105 fua
2231 1051 2369 1104 tra-

844 1140 1022 1204 xerit
1061 1159 1104 1202 a
1144 1151 1338 1224 patre
1382 1149 1449 1200 et
1492 1148 1754 1215 matre,
1806 1136 2161 1201 verilimile
2205 1137 2369 1223 ·pla-

846 1257 932 1299 ne
972 1233 1126 1312 est,
1202 1236 1490 1297 alterum
1551 1232 1847 1296 filiorum
1918 1232 2367 1296 Hostilianum

848 1332 965 1395 sua
1006 1330 1275 1394 traxiffe
1315 1349 1358 1393 a
1400 1341 1631 1416 patre,
1683 1342 1749 1392 et
1794 1349 1930 1393 avo
1989 1329 2091 1393 seu
2149 1343 2367 1413 pater-

846 1447 938 1501 no
988 1426 1096 1489 seu
1131 1439 1463 1490 materno.
1517 1425 1646 1487 Sed
1698 1438 1765 1488 et
1805 1428 2111 1489 zonarae
2164 1437 2369 1511 atque

851 1523 1141 1589 Cedreni
1175 1521 1566 1585 testimoniis
1607 1521 1692 1583 de
1743 1523 2071 1606 quopiam
2111 1521 2368 1585 Severo

850 1617 1227 1693 Hostiliano
1282 1623 1455 1702 Aug.
1496 1636 1737 1701 parum
1791 1636 2117 1692 moveor,
2200 1637 2371 1701 quo-

850 1736 999 1778 rum
1040 1715 1240 1777 fidem
1279 1717 1420 1795 jam
1462 1712 1711 1774 solide
1694 1733 1757 1775 1n
1784 1712 2062 1783 dubium
2087 1714 2370 1777 vocavit

853 1809 1370 1884 Tillemontius‚
1402 1797 1463 1892 b)
1516 1828 1733 1891 neque
1780 1810 2029 1885 etiam,
2083 1810 2366 1893 opinor,

844 1905 1079 1971 futiles
1136 1906 1208 1968 hi
1268 1916 1580 1967 auctores
1644 1924 2059 1990 magnopere
2126 1903 2367 1967 movis-

850 2003 992 2066 sent
1026 2003 1317 2081 summos
1357 2000 1539 2082 illos,
1594 2021 1766 2084 quos
1797 2001 2104 2078 laudavi,
2158 2002 2369 2077 virm,

851 2099 965 2187 qui
1004 2119 1321 2187 generum
1366 2096 1874 2181 praehabuere,
1926 2093 2041 2160 nifi
2069 2098 2371 2159 animum

850 2199 1052 2286 plane
1113 2192 1581 2280 perstrinxiffet
1640 2193 2011 2257 auctoritas
2069 2191 2368 2270 Goltzii,

852 2316 897 2359 a
942 2296 1127 2373 cujus
1178 2292 1449 2376 placitis
1500 2290 1838 2352 discedere
1890 2310 2101 2373 usque
2161 2289 2368 2352 modo

850 2392 1200 2477 piaculum
1236 2388 1465 2469 utique
1513 2385 1861 2464 habitum,
1917 2386 2030 2469 qui
2094 2403 2369 2448 numum

853 2485 1131 2551 obtrusit
1178 2482 1607 2567 inscriptum:
1689 2482 1873 2548 IMP.
1950 2481 2205 2547 CAES.
2282 2478 2367 2547 L.

849 2584 1064 2645 AVB.
1103 2580 1298 2644 SEV.
1345 2576 1974 2643 HOSTlLIANVS.
2043 2574 2252 2648 AVG.
2290 2574 2367 2636 P.

852 2681 953 2742 M.
993 2679 1143 2757 ΤΒ.
1181 2676 1254 2737 P.
1300 2680 1351 2750 e)
1406 2691 1606 2755 quem
1642 2691 1684 2732 a
1725 2672 2017 2735 mirabili
2052 2671 2186 2733 hoc
2214 2673 2365 2734 viro

849 2796 937 2838 ex
979 2771 1206 2836 verbis
1244 2773 1554 2834 zonarae
1586 2766 1951 2850 praestabit
2003 2764 2364 2832 confictum

850 2869 1146 2930 credere.

876 3026 885 3040 ,
947 2961 1078 3025 Hic
1113 2978 1271 3041 ergo
1323 2955 1734 3023 Hostilianus
1780 2958 2017 3035 Decii,
2066 2969 2143 3020 ut
2190 2956 2365 3021 veri-

852 3056 1058 3123 fimile
1107 3055 1236 3133 est,
1290 3054 1467 3117 filius
1508 3054 1722 3131 alter,
1789 3065 1983 3138 patre
2017 3052 2365 3136 fratreque

848 3159 917 3221 in
950 3153 1199 3217 bellum
1225 3150 1549 3235 profectis
1587 3153 1846 3214 Romae
1881 3148 2131 3214 restitit.
2166 3153 2366 3214 Vtro-

848 3273 979 3339 que
1032 3250 1097 3313 in
1161 3251 1309 3315 acie
1357 3248 1549 3312 caeso
1604 3247 2079 3311 Trebonianos
2130 3244 2367 3311 Gallus

734 3413 739 3419 .
845 3349 1042 3414 Decii
1093 3346 1411 3412 success'or
1467 3365 1617 3408 eum
1655 3342 1746 3407 ob
1787 3344 2190 3409 memoriam
2231 3344 2365 3407 De-

847 3448 1025 3514 ciani
1063 3445 1329 3532 imperii
1371 3442 1639 3527 publice
1676 3441 2046 3504 collaudati
2080 3441 2369 3526 adopta-

846 3547 991 3621 vit,
1047 3543 1149 3605 sed
1188 3540 1416 3627 paullo
1451 3536 1594 3624 post
1622 3557 1838 3600 rerum
1875 3556 2210 3600 novarum
2233 3554 2371 3600 me·

852 3652 922 3703 tu
960 3639 1230 3703 infidias
1274 3637 1505 3700 struxit
1560 3634 1744 3697 nulla
1790 3633 2030 3697 habita
2092 3633 2201 3696 seu
2251 3635 2367 3697 ad-

852 3734 1189 3816 optionis,
1271 3734 1380 3795 seu
1449 3730 1705 3794 honesti
1783 3732 2089 3813 ratione,
2157 3743 2231 3793 ut
2272 3732 2371 3795 ait

852 3825 1170 3890 Zosimus.
1210 3819 1273 3906 δ)
1348 3829 1716 3891 Admotum
1786 3828 2074 3912 imperio
2136 3840 2369 3891 narrat

848 3923 1055 3984 etiam
1084 3923 1485 4006 Eutropius·
1536 3921 2012 4004 διαδεχεταιτην
2070 3926 2375 3987 βασιλειαν

852 4020 1122 4095 Γαλος,
1178 4021 1567 4095 Οστιλιανος,
1612 4036 1713 4081 και
1751 4009 1781 4080 ὁ
1817 4037 1958 4080 τετυ
1999 4039 2138 4096 παις
2177 4022 2366 4082 Βελε-

849 4131 1094 4193 σιανος,
1147 4131 1321 4194 quae
1362 4113 1575 4175 verba
1604 4114 1830 4197 aptius
1887 4114 1971 4175 ad
2024 4113 2367 4176 historiam

847 4213 1051 4271 vertit
1098 4207 1475 4283 Paeaujus:
1522 4228 1670 4271 mox
1713 4212 2119 4291 imperatores
2179 4214 2374 4274 creati

827 4310 984 4390 sunt
1055 4301 1266 4366 Gallus
1288 4347 1305 4377 ‚
1387 4300 1801 4387 Hostilianas,
1884 4313 1941 4366 et
1997 4304 2160 4367 Galli
2188 4307 2370 4389 filius

858 4402 1247 4487 Volusianus.
1305 4398 1535 4459 Victor
1558 4402 1781 4483 prior.
1833 4399 1985 4461 haec.
2018 4399 2125 4462 ubi
2149 4410 2370 4483 patres

951 4622 981 4651 ·'
1028 4613 1207 4661 vam
1245 4613 1371 4681 ‘'13“
1566 4578 1621 4673 1.)ss
1662 4605 1815 4659 Nota
1852 4608 1926 4660 11.
1965 4609 2021 4659 iu
2058 4602 2301 4680 Philipp.

1905 550 2869 629 HOSTILIANVS.

2450 772 2814 837 comper-ere,
2871 752 3044 819 Gallo
3065 754 3519 843 Hostilianoque
3541 759 3833 845 Augusta
3860 762 3993 825 im-

2442 852 2628 932 peria
2653 896 2676 925 ,
2733 849 3125 939 Volusianum
3174 853 3347 918 Gallo
3388 854 3616 919 editum
3657 854 3988 942 Caesarem

2449 944 2803 1010 decernunt.
2859 946 2942 1009 Et
2981 948 3217 1012 Victor
3263 948 3468 1011 alter:
3543 949 3800 1014 Horum
3837 962 3990 1016 tem·

2447 1041 2714 1125 poribus
2763 1040 2980 1126 (Gaui
3041 1056 3106 1106 et
3165 1035 3535 1126 Volufiaui)
3589 1045 3987 1132 Hffliliam

2451 1139 2778 1224 Perpenna
2812 1159 2853 1203 a
2871 1139 3096 1224 senatu
3126 1142 3468 1226 imperator
3511 1152 3786 1207 creatus.
3841 1144 3986 1207 Ho-

2456 1228 2781 1296 stilianum
2801 1232 3201 1320 pestilentia,
3253 1257 3428 1320 quae
3458 1248 3601 1299 tum
3643 1238 3783 1301 late
3802 1238 3984 1323 gras-

2453 1327 2760 1411 sabatur,
2843 1332 3241 1409 interiviss‘e‚
3294 1346 3570 1416 uterque
3609 1334 3855 1397 Victor
3884 1348 3982 1398 te·

2455 1424 2681 1502 statur,
2736 1439 2974 1491 contra
3013 1447 3217 1513 quam
3238 1426 3531 1492 Zofimus
3561 1428 3762 1509 dixit,
3807 1428 3978 1498 Gal·

2449 1521 2502 1583 li
2549 1510 2821 1590 infidiis.

2548 1618 2655 1680 Ex
2691 1618 2839 1696 his,
2897 1639 3071 1704 quae
3111 1620 3318 1685 modo
3374 1619 3692 1705 exposui,
3747 1640 3978 1706 appa-

2450 1725 2576 1790 ret,
2624 1714 2980 1779 Hostiliani
3025 1736 3265 1779 numos
3314 1717 3402 1779 ad
3474 1717 3604 1781 duo
3668 1718 3988 1801 imperia

2450 1810 2822 1901 pertinere,
2897 1823 2963 1875 et
3019 1831 3136 1875 eos
3203 1813 3511 1899 quidem,
3597 1811 3664 1874 in
3719 1810 3990 1895 quibus

2455 1896 2702 1967 Caesar
2746 1907 3034 1985 dicitur,
3087 1908 3179 1970 ad
3213 1909 3566 2017 imperium
3612 1909 3858 1991 patria,
3903 1909 3986 1975 in

2454 2000 2696 2083 quibus
2743 2000 3107 2087 AugustuS,
3178 2004 3264 2066 ad
3302 2005 3656 2088 imperium
3702 2003 3982 2066 Trebo-

2451 2099 2661 2161 niani.
2714 2098 2928 2181 Hujus
2966 2099 3325 2184 imperium
3365 2098 3589 2180 palam
3627 2100 3984 2183 eloquitur

2451 2213 2693 2257 numus
2748 2193 3098 2279 inscriptus
3157 2193 3503 2259 lvNONl.
3563 2195 3982 2259 MARTIA-

2453 2289 2545 2352 LI
2582 2336 2599 2367 ‚
2653 2290 2736 2353 de
2773 2308 2906 2375 quo
2952 2310 3137 2353 mox.

2569 2480 2657 2549 V.
2706 2480 2770 2544 C.
2807 2500 2990 2555 1002.
3038 2503 3214 2563 1003.
3262 2481 3346 2545 P.
3384 2481 3471 2547 X.
3502 2496 3658 2565 249.
3698 2503 3855 2565 250.

2622 2575 3007 2644 CAESAR.
3050 2572 3354 2645 PRINC.
3391 2577 3507 2643 IV
3512 2577 3709 2645 VEN
3717 2578 3794 2644 T.

2741 2763 2818 2830 c,
2890 2768 3269 2834 VALENS.
3325 2767 3688 2833 HOSTIL.
3753 2768 3974 2834 MES.

2738 2861 3168 2945 va‘rvs.
3215 2868 3296 2930 N.
3334 2862 3407 2933 c,
3500 2865 3705 2952 Caput
3728 2865 3976 2932 uuam

2734 2961 2803 3023 δη
2823 2958 2982 3025 AV.
3002 2970 3061 3025 et
3077 2961 3230 3029 AE.
3246 2964 3350 3031 II.
3364 2960 3688 3031 radiatum
3722 2965 3794 3029 in
3811 2962 3973 3029 AR.

2737 3094 2814 3160 C.
2858 3095 3131 3161 OVAL.
3185 3095 3477 3161 OSTlL.
3539 3097 3750 3161 MES.
3810 3099 3976 3164 Co-

2734 3192 3095 3256 VINTVS.
3170 3193 3536 3265 CAESAR.
3612 3195 3978 3280 Cap-tra-

2741 3289 2982 3354 diatum
3014 3292 3084 3353 in
3120 3289 3275 3356 AR.

2544 3483 2719 3547 Vide
2756 3503 2930 3567 quae
2971 3483 3054 3544 de
3075 3480 3390 3545 insolente
3429 3478 3558 3542 hoc
3591 3480 3982 3571 inscriptio-

2449 3580 2553 3643 nis
2592 3581 2802 3643 modo
2842 3599 3006 3642 mox
3045 3576 3225 3640 infra
3262 3576 3590 3641 dicentur.

2545 3732 2838 3796 Aversae
2883 3732 3057 3794 sunt:

2450 3828 2720 3892 MART
2727 3828 2775 3893 1.
2816 3823 3555 3891 PROPVGNATORI.
3598 3862 3699 3878 ·--
3753 3830 3992 3896 PAR-

2450 3923 2823 3987 NONIAE.
2867 3959 2962 3973 —
2990 3922 3333 3991 PIETAS.
3368 3922 3575 3987 AVG.
3599 3957 3692 3975 -—
3717 3926 3992 3995 PRIN-

2451 4018 2655 4087 C1P1.
2702 4016 3282 4083 IVVENTVTIS.
3330 4055 3426 4070 ·—
3466 4020 3994 4091 PvnlclTkA.

2450 4115 2656 4178 AVG.
2718 4148 2818 4163 -—-
2885 4113 3394 4179 SAECVLVM.
3454 4116 3826 4182 Nova.
3885 4157 3994 4174 ...-..

2451 4211 2921 4275 VBERITAS.
2949 4209 3154 4275 AVG.
3172 4209 3739 4278 —VICTORIA.
3762 4214 3992 4285 GER.

2451 4304 2829 4371 MANch.
2904 4310 3088 4394 typis
3149 4311 3311 4393 ‚jam
3369 4309 3684 4394 cognitis,
3759 4313 3992 4398 (Mus.

2451 4398 2636 4467 Caes.
2673 4402 3028 4488 Banduri.)

2497 4608 2546 4677 e)
2585 4610 2750 4677 Thes,
2789 4632 2847 4685 p.
2889 4628 3004 4682 105.
3202 4610 3260 4683 d)
3293 4612 3334 4667 l.
3370 4629 3423 4669 c.
