<?xml version="1.0" encoding="UTF-8"?>
<!DOCTYPE html PUBLIC "-//W3C//DTD XHTML 1.0 Transitional//EN"
    "http://www.w3.org/TR/xhtml1/DTD/xhtml1-transitional.dtd">
<html xmlns="http://www.w3.org/1999/xhtml" xml:lang="en" lang="en">
 <head>
  <title>
</title>
<meta http-equiv="Content-Type" content="text/html;charset=utf-8" />
  <meta name='ocr-system' content='tesseract 3.04.00' />
  <meta name='ocr-capabilities' content='ocr_page ocr_carea ocr_par ocr_line ocrx_word'/>
</head>
<body>
  <div class='ocr_page' id='page_1' title='image "./doctrinanumorum03unkngoog/doctrinanumorum03unkngoog_0420.png"; bbox 0 0 4242 5459; ppageno 0'>
   <div class='ocr_carea' id='block_1_1' title="bbox 828 573 972 648">
    <p class='ocr_par' dir='ltr' id='par_1_1' title="bbox 828 573 972 648">
     <span class='ocr_line' id='line_1_1' title="bbox 828 573 972 648; baseline 0 -12"><span class='ocrx_word' id='word_1_1' title='bbox 828 573 972 648; x_wconf 79' lang='lat'><strong>388</strong></span> 
     </span>
    </p>
   </div>
   <div class='ocr_carea' id='block_1_2' title="bbox 827 750 2127 1223">
    <p class='ocr_par' dir='ltr' id='par_1_2' title="bbox 827 750 2127 1223">
     <span class='ocr_line' id='line_1_2' title="bbox 1018 750 1337 836; baseline -0.022 -19"><span class='ocrx_word' id='word_1_2' title='bbox 1018 750 1337 836; x_wconf 87' lang='lat' dir='ltr'><strong>Argentei</strong></span> 
     </span>
     <span class='ocr_line' id='line_1_3' title="bbox 1020 842 2127 931; baseline -0.002 -21"><span class='ocrx_word' id='word_1_3' title='bbox 1020 844 1341 931; x_wconf 79' lang='lat' dir='ltr'><strong>Argentei</strong></span> <span class='ocrx_word' id='word_1_4' title='bbox 1375 854 1441 907; x_wconf 86' lang='lat' dir='ltr'><strong>et</strong></span> <span class='ocrx_word' id='word_1_5' title='bbox 1478 844 1674 907; x_wconf 83' lang='lat' dir='ltr'><strong>aenei</strong></span> <span class='ocrx_word' id='word_1_6' title='bbox 1724 862 1907 905; x_wconf 81' lang='lat' dir='ltr'><strong>max.</strong></span> <span class='ocrx_word' id='word_1_7' title='bbox 1941 842 2127 908; x_wconf 86' lang='lat' dir='ltr'><strong>mod.</strong></span> 
     </span>
     <span class='ocr_line' id='line_1_4' title="bbox 1019 938 2027 1005; baseline -0.004 -1"><span class='ocrx_word' id='word_1_8' title='bbox 1019 942 1234 1005; x_wconf 88' lang='lat' dir='ltr'><strong>Aenei</strong></span> <span class='ocrx_word' id='word_1_9' title='bbox 1287 945 1337 1003; x_wconf 92' lang='lat'><strong>1.</strong></span> <span class='ocrx_word' id='word_1_10' title='bbox 1391 951 1458 1001; x_wconf 94' lang='lat' dir='ltr'><strong>et</strong></span> <span class='ocrx_word' id='word_1_11' title='bbox 1509 939 1593 1003; x_wconf 84' lang='grc' dir='ltr'><strong>ΙΙ.</strong></span> <span class='ocrx_word' id='word_1_12' title='bbox 1635 938 1917 1003; x_wconf 83' lang='lat' dir='ltr'><strong>formae·</strong></span> <span class='ocrx_word' id='word_1_13' title='bbox 2004 977 2027 990; x_wconf 89' lang='lat'>-</span> 
     </span>
     <span class='ocr_line' id='line_1_5' title="bbox 827 1036 1596 1120; baseline -0.013 -11"><span class='ocrx_word' id='word_1_14' title='bbox 827 1040 1161 1109; x_wconf 69' lang='lat' dir='ltr'><strong>commatis</strong></span> <span class='ocrx_word' id='word_1_15' title='bbox 1203 1036 1527 1120; x_wconf 74' lang='lat' dir='ltr'><strong>peregrini</strong></span> <span class='ocrx_word' id='word_1_16' title='bbox 1571 1059 1596 1099; x_wconf 88' lang='lat'><strong>.·</strong></span> 
     </span>
     <span class='ocr_line' id='line_1_6' title="bbox 923 1131 1724 1223; baseline -0.007 -24"><span class='ocrx_word' id='word_1_17' title='bbox 923 1136 1177 1223; x_wconf 79' lang='lat' dir='ltr'><strong>Omnes</strong></span> <span class='ocrx_word' id='word_1_18' title='bbox 1224 1131 1419 1212; x_wconf 85' lang='lat' dir='ltr'><strong>hujus</strong></span> <span class='ocrx_word' id='word_1_19' title='bbox 1465 1133 1724 1216; x_wconf 80' lang='lat' dir='ltr'><strong>generis</strong></span> 
     </span>
    </p>
   </div>
   <div class='ocr_carea' id='block_1_3' title="bbox 1908 540 2796 640">
    <p class='ocr_par' dir='ltr' id='par_1_3' title="bbox 1908 540 2796 640">
     <span class='ocr_line' id='line_1_7' title="bbox 1908 540 2796 640; baseline 0.006 -22"><span class='ocrx_word' id='word_1_20' title='bbox 1908 596 1913 603; x_wconf 81' lang='lat'><strong>·</strong></span> <span class='ocrx_word' id='word_1_21' title='bbox 1990 540 2796 640; x_wconf 22' lang='lat' dir='ltr'><strong>MAR‘INIANA.</strong></span> 
     </span>
    </p>
   </div>
   <div class='ocr_carea' id='block_1_4' title="bbox 1887 1418 2766 1529">
    <p class='ocr_par' dir='ltr' id='par_1_4' title="bbox 1887 1418 2766 1529">
     <span class='ocr_line' id='line_1_8' title="bbox 1887 1418 2766 1529; baseline -0.003 -42"><span class='ocrx_word' id='word_1_22' title='bbox 1887 1521 1895 1529; x_wconf 18' lang='grc' dir='ltr'><strong>θ</strong></span> <span class='ocrx_word' id='word_1_23' title='bbox 2043 1418 2766 1489; x_wconf 80' lang='lat' dir='ltr'><em>MARINIANA.</em></span> 
     </span>
    </p>
   </div>
   <div class='ocr_carea' id='block_1_5' title="bbox 811 1611 2341 2746">
    <p class='ocr_par' dir='ltr' id='par_1_5' title="bbox 811 1611 2341 2746">
     <span class='ocr_line' id='line_1_9' title="bbox 912 1611 2340 1680; baseline -0.003 0"><span class='ocrx_word' id='word_1_24' title='bbox 912 1614 1131 1680; x_wconf 74' lang='lat' dir='ltr'><strong>Fuiss‘e</strong></span> <span class='ocrx_word' id='word_1_25' title='bbox 1170 1613 1629 1676; x_wconf 82' lang='lat' dir='ltr'><strong>Marinianam</strong></span> <span class='ocrx_word' id='word_1_26' title='bbox 1661 1611 2010 1675; x_wconf 85' lang='lat' dir='ltr'><strong>Valeriani</strong></span> <span class='ocrx_word' id='word_1_27' title='bbox 2053 1612 2340 1676; x_wconf 85' lang='lat' dir='ltr'><strong>alteram</strong></span> 
     </span>
     <span class='ocr_line' id='line_1_10' title="bbox 818 1707 2336 1793; baseline -0.005 -16"><span class='ocrx_word' id='word_1_28' title='bbox 818 1731 1142 1788; x_wconf 82' lang='lat' dir='ltr'><strong>uxorem,</strong></span> <span class='ocrx_word' id='word_1_29' title='bbox 1196 1730 1240 1773; x_wconf 87' lang='lat' dir='ltr'><strong>a</strong></span> <span class='ocrx_word' id='word_1_30' title='bbox 1273 1708 1533 1793; x_wconf 85' lang='lat' dir='ltr'>Sapore</span> <span class='ocrx_word' id='word_1_31' title='bbox 1557 1707 1757 1769; x_wconf 86' lang='lat' dir='ltr'><strong>Persa</strong></span> <span class='ocrx_word' id='word_1_32' title='bbox 1788 1727 1922 1769; x_wconf 87' lang='lat' dir='ltr'><strong>una</strong></span> <span class='ocrx_word' id='word_1_33' title='bbox 1949 1727 2100 1770; x_wconf 90' lang='lat' dir='ltr'><strong>cum</strong></span> <span class='ocrx_word' id='word_1_34' title='bbox 2135 1711 2336 1771; x_wconf 87' lang='lat' dir='ltr'><strong>mari-</strong></span> 
     </span>
     <span class='ocr_line' id='line_1_11' title="bbox 818 1802 2338 1893; baseline -0.005 -20"><span class='ocrx_word' id='word_1_35' title='bbox 818 1822 893 1872; x_wconf 89' lang='lat' dir='ltr'><strong>to</strong></span> <span class='ocrx_word' id='word_1_36' title='bbox 936 1820 1210 1893; x_wconf 86' lang='lat' dir='ltr'><strong>captam</strong></span> <span class='ocrx_word' id='word_1_37' title='bbox 1238 1850 1258 1883; x_wconf 90' lang='lat'>‚</span> <span class='ocrx_word' id='word_1_38' title='bbox 1313 1815 1379 1865; x_wconf 89' lang='lat' dir='ltr'><strong>et</strong></span> <span class='ocrx_word' id='word_1_39' title='bbox 1421 1814 1577 1866; x_wconf 84' lang='lat' dir='ltr'><strong>ante</strong></span> <span class='ocrx_word' id='word_1_40' title='bbox 1617 1803 1791 1865; x_wconf 89' lang='lat' dir='ltr'><strong>hunc</strong></span> <span class='ocrx_word' id='word_1_41' title='bbox 1837 1802 1905 1864; x_wconf 89' lang='lat' dir='ltr'><strong>in</strong></span> <span class='ocrx_word' id='word_1_42' title='bbox 1939 1805 2338 1887; x_wconf 81' lang='lat' dir='ltr'><strong>captivitate</strong></span> 
     </span>
     <span class='ocr_line' id='line_1_12' title="bbox 814 1896 2338 1982; baseline -0.005 -15"><span class='ocrx_word' id='word_1_43' title='bbox 814 1903 1082 1968; x_wconf 73' lang='lat' dir='ltr'><strong>Persica</strong></span> <span class='ocrx_word' id='word_1_44' title='bbox 1128 1910 1492 1975; x_wconf 88' lang='lat' dir='ltr'><strong>mortuam,</strong></span> <span class='ocrx_word' id='word_1_45' title='bbox 1546 1896 2004 1962; x_wconf 82' lang='lat' dir='ltr'><strong>consecratam</strong></span> <span class='ocrx_word' id='word_1_46' title='bbox 2049 1899 2338 1982; x_wconf 88' lang='lat' dir='ltr'><strong>denique</strong></span> 
     </span>
     <span class='ocr_line' id='line_1_13' title="bbox 819 1994 2336 2074; baseline -0.004 -12"><span class='ocrx_word' id='word_1_47' title='bbox 819 2019 863 2062; x_wconf 91' lang='lat' dir='ltr'><strong>a</strong></span> <span class='ocrx_word' id='word_1_48' title='bbox 897 1997 1252 2072; x_wconf 72' lang='lat' dir='ltr'><strong>Gallione,</strong></span> <span class='ocrx_word' id='word_1_49' title='bbox 1307 2007 1374 2057; x_wconf 94' lang='lat' dir='ltr'><strong>et</strong></span> <span class='ocrx_word' id='word_1_50' title='bbox 1420 1994 1789 2059; x_wconf 86' lang='lat' dir='ltr'><strong>Valeriano</strong></span> <span class='ocrx_word' id='word_1_51' title='bbox 1833 1997 2135 2074; x_wconf 87' lang='lat' dir='ltr'><strong>juniore,</strong></span> <span class='ocrx_word' id='word_1_52' title='bbox 2186 2008 2336 2058; x_wconf 88' lang='lat' dir='ltr'><strong>tan-</strong></span> 
     </span>
     <span class='ocr_line' id='line_1_14' title="bbox 818 2091 2339 2179; baseline -0.003 -21"><span class='ocrx_word' id='word_1_53' title='bbox 818 2114 1027 2179; x_wconf 87' lang='lat' dir='ltr'><strong>quam</strong></span> <span class='ocrx_word' id='word_1_54' title='bbox 1094 2103 1352 2155; x_wconf 86' lang='lat' dir='ltr'><strong>certum</strong></span> <span class='ocrx_word' id='word_1_55' title='bbox 1393 2102 1462 2153; x_wconf 90' lang='lat' dir='ltr'><strong>et</strong></span> <span class='ocrx_word' id='word_1_56' title='bbox 1506 2091 1963 2155; x_wconf 87' lang='lat' dir='ltr'><strong>indubitatum</strong></span> <span class='ocrx_word' id='word_1_57' title='bbox 2026 2093 2339 2155; x_wconf 84' lang='lat' dir='ltr'><strong>venditat</strong></span> 
     </span>
     <span class='ocr_line' id='line_1_15' title="bbox 814 2180 2336 2271; baseline -0.004 -16"><span class='ocrx_word' id='word_1_58' title='bbox 814 2189 1226 2256; x_wconf 88' lang='lat' dir='ltr'><strong>Vaillantius</strong></span> <span class='ocrx_word' id='word_1_59' title='bbox 1251 2234 1271 2265; x_wconf 90' lang='lat'><strong>,</strong></span> <span class='ocrx_word' id='word_1_60' title='bbox 1296 2192 1356 2270; x_wconf 79' lang='lat'><strong>³)</strong></span> <span class='ocrx_word' id='word_1_61' title='bbox 1409 2199 1474 2249; x_wconf 88' lang='lat' dir='ltr'><strong>et</strong></span> <span class='ocrx_word' id='word_1_62' title='bbox 1510 2186 1653 2271; x_wconf 83' lang='lat' dir='ltr'><strong>post</strong></span> <span class='ocrx_word' id='word_1_63' title='bbox 1679 2206 1831 2250; x_wconf 89' lang='lat' dir='ltr'><strong>eum</strong></span> <span class='ocrx_word' id='word_1_64' title='bbox 1875 2180 2336 2250; x_wconf 76' lang='lat' dir='ltr'><strong>BeauvaifiuS.</strong></span> 
     </span>
     <span class='ocr_line' id='line_1_16' title="bbox 813 2281 2338 2369; baseline -0.004 -17"><span class='ocrx_word' id='word_1_65' title='bbox 813 2290 921 2352; x_wconf 80' lang='lat' dir='ltr'><strong>Ex</strong></span> <span class='ocrx_word' id='word_1_66' title='bbox 967 2285 1227 2369; x_wconf 19' lang='lat' dir='ltr'><strong>quibus&amp;</strong></span> <span class='ocrx_word' id='word_1_67' title='bbox 1268 2282 1617 2360; x_wconf 78' lang='lat' dir='ltr'><strong>fontibuS,</strong></span> <span class='ocrx_word' id='word_1_68' title='bbox 1685 2303 1837 2346; x_wconf 88' lang='lat' dir='ltr'><strong>cum</strong></span> <span class='ocrx_word' id='word_1_69' title='bbox 1888 2281 2056 2345; x_wconf 85' lang='lat' dir='ltr'><strong>haec</strong></span> <span class='ocrx_word' id='word_1_70' title='bbox 2102 2284 2338 2346; x_wconf 87' lang='lat' dir='ltr'><strong>scribe-</strong></span> 
     </span>
     <span class='ocr_line' id='line_1_17' title="bbox 812 2377 2336 2464; baseline -0.003 -18"><span class='ocrx_word' id='word_1_71' title='bbox 812 2395 986 2459; x_wconf 85' lang='lat' dir='ltr'><strong>rent,</strong></span> <span class='ocrx_word' id='word_1_72' title='bbox 1022 2380 1148 2445; x_wconf 82' lang='lat' dir='ltr'><strong>sese</strong></span> <span class='ocrx_word' id='word_1_73' title='bbox 1187 2377 1581 2464; x_wconf 85' lang='lat' dir='ltr'><strong>proluerint,</strong></span> <span class='ocrx_word' id='word_1_74' title='bbox 1614 2381 1879 2462; x_wconf 88' lang='lat' dir='ltr'><strong>ignoro.</strong></span> <span class='ocrx_word' id='word_1_75' title='bbox 1934 2377 2106 2441; x_wconf 81' lang='lat' dir='ltr'><strong>Istud</strong></span> <span class='ocrx_word' id='word_1_76' title='bbox 2146 2381 2336 2456; x_wconf 87' lang='lat' dir='ltr'><strong>novi,</strong></span> 
     </span>
     <span class='ocr_line' id='line_1_18' title="bbox 815 2473 2339 2561; baseline -0.003 -20"><span class='ocrx_word' id='word_1_77' title='bbox 815 2496 1054 2541; x_wconf 87' lang='lat' dir='ltr'><strong>eorum</strong></span> <span class='ocrx_word' id='word_1_78' title='bbox 1118 2486 1382 2561; x_wconf 88' lang='lat' dir='ltr'><strong>partem</strong></span> <span class='ocrx_word' id='word_1_79' title='bbox 1453 2473 1577 2537; x_wconf 85' lang='lat' dir='ltr'><strong>esse</strong></span> <span class='ocrx_word' id='word_1_80' title='bbox 1647 2474 1874 2537; x_wconf 86' lang='lat' dir='ltr'><strong>adhuc</strong></span> <span class='ocrx_word' id='word_1_81' title='bbox 1960 2475 2287 2538; x_wconf 81' lang='lat' dir='ltr'><strong>incertam</strong></span> <span class='ocrx_word' id='word_1_82' title='bbox 2319 2521 2339 2552; x_wconf 87' lang='lat'><strong>,</strong></span> 
     </span>
     <span class='ocr_line' id='line_1_19' title="bbox 812 2567 2341 2660; baseline -0.003 -24"><span class='ocrx_word' id='word_1_83' title='bbox 812 2586 1081 2660; x_wconf 88' lang='lat' dir='ltr'><strong>partem</strong></span> <span class='ocrx_word' id='word_1_84' title='bbox 1127 2583 1361 2655; x_wconf 86' lang='lat' dir='ltr'><strong>aperte</strong></span> <span class='ocrx_word' id='word_1_85' title='bbox 1404 2567 1667 2631; x_wconf 82' lang='lat' dir='ltr'><strong>falsam.</strong></span> <span class='ocrx_word' id='word_1_86' title='bbox 1745 2571 2152 2651; x_wconf 83' lang='lat' dir='ltr'><strong>Rationem,</strong></span> <span class='ocrx_word' id='word_1_87' title='bbox 2221 2588 2341 2632; x_wconf 87' lang='lat' dir='ltr'><strong>cur</strong></span> 
     </span>
     <span class='ocr_line' id='line_1_20' title="bbox 811 2663 2340 2746; baseline -0.01 -13"><span class='ocrx_word' id='word_1_88' title='bbox 811 2670 1141 2733; x_wconf 89' lang='lat' dir='ltr'><strong>hactenus</strong></span> <span class='ocrx_word' id='word_1_89' title='bbox 1192 2664 1558 2746; x_wconf 86' lang='lat' dir='ltr'><strong>antiquarii</strong></span> <span class='ocrx_word' id='word_1_90' title='bbox 1620 2664 2080 2726; x_wconf 87' lang='lat' dir='ltr'><strong>Marinianam</strong></span> <span class='ocrx_word' id='word_1_91' title='bbox 2129 2663 2340 2726; x_wconf 85' lang='lat' dir='ltr'><strong>Vale-</strong></span> 
     </span>
    </p>
   </div>
   <div class='ocr_carea' id='block_1_6' title="bbox 811 2757 2346 2835">
    <p class='ocr_par' dir='ltr' id='par_1_6' title="bbox 811 2757 2346 2835">
     <span class='ocr_line' id='line_1_21' title="bbox 811 2757 2346 2835; baseline -0.006 -7"><span class='ocrx_word' id='word_1_92' title='bbox 811 2767 1008 2828; x_wconf 87' lang='lat' dir='ltr'><strong>riano</strong></span> <span class='ocrx_word' id='word_1_93' title='bbox 1061 2760 1512 2835; x_wconf 83' lang='lat' dir='ltr'><strong>sociaverint,</strong></span> <span class='ocrx_word' id='word_1_94' title='bbox 1568 2758 1775 2821; x_wconf 85' lang='lat' dir='ltr'><strong>aliam</strong></span> <span class='ocrx_word' id='word_1_95' title='bbox 1839 2778 1975 2822; x_wconf 91' lang='lat' dir='ltr'><strong>non</strong></span> <span class='ocrx_word' id='word_1_96' title='bbox 2011 2757 2346 2835; x_wconf 72' lang='lat' dir='ltr'><strong>habuere,</strong></span> 
     </span>
    </p>
   </div>
   <div class='ocr_carea' id='block_1_7' title="bbox 807 2852 2341 3220">
    <p class='ocr_par' dir='ltr' id='par_1_7' title="bbox 807 2852 2341 3220">
     <span class='ocr_line' id='line_1_22' title="bbox 812 2852 2339 2939; baseline -0.005 -19"><span class='ocrx_word' id='word_1_97' title='bbox 812 2858 926 2920; x_wconf 75' lang='lat' dir='ltr'><strong>nisi</strong></span> <span class='ocrx_word' id='word_1_98' title='bbox 965 2857 1147 2939; x_wconf 91' lang='lat' dir='ltr'><strong>quod</strong></span> <span class='ocrx_word' id='word_1_99' title='bbox 1182 2872 1423 2915; x_wconf 88' lang='lat' dir='ltr'><strong>numos</strong></span> <span class='ocrx_word' id='word_1_100' title='bbox 1465 2853 1894 2915; x_wconf 84' lang='lat' dir='ltr'><strong>Marinianae</strong></span> <span class='ocrx_word' id='word_1_101' title='bbox 1932 2853 2205 2915; x_wconf 87' lang='lat' dir='ltr'><strong>nomine</strong></span> <span class='ocrx_word' id='word_1_102' title='bbox 2242 2852 2339 2912; x_wconf 88' lang='lat' dir='ltr'><strong>in·</strong></span> 
     </span>
     <span class='ocr_line' id='line_1_23' title="bbox 812 2944 2341 3033; baseline -0.003 -19"><span class='ocrx_word' id='word_1_103' title='bbox 812 2952 1096 3033; x_wconf 81' lang='lat' dir='ltr'><strong>scriptos</strong></span> <span class='ocrx_word' id='word_1_104' title='bbox 1132 2947 1433 3030; x_wconf 85' lang='lat' dir='ltr'><strong>ejusdem</strong></span> <span class='ocrx_word' id='word_1_105' title='bbox 1455 2946 1580 3008; x_wconf 80' lang='lat' dir='ltr'><strong>effe</strong></span> <span class='ocrx_word' id='word_1_106' title='bbox 1601 2944 1931 3022; x_wconf 87' lang='lat' dir='ltr'><strong>fabricae,</strong></span> <span class='ocrx_word' id='word_1_107' title='bbox 1985 2950 2170 3028; x_wconf 85' lang='lat' dir='ltr'><strong>cujus</strong></span> <span class='ocrx_word' id='word_1_108' title='bbox 2197 2945 2341 3009; x_wconf 90' lang='lat' dir='ltr'><strong>sunt</strong></span> 
     </span>
     <span class='ocr_line' id='line_1_24' title="bbox 810 3040 2341 3126; baseline -0.003 -17"><span class='ocrx_word' id='word_1_109' title='bbox 810 3044 1200 3118; x_wconf 81' lang='lat' dir='ltr'><strong>Valeriani,</strong></span> <span class='ocrx_word' id='word_1_110' title='bbox 1253 3051 1666 3124; x_wconf 82' lang='lat' dir='ltr'><strong>repererunt.</strong></span> <span class='ocrx_word' id='word_1_111' title='bbox 1756 3044 1846 3102; x_wconf 85' lang='lat' dir='ltr'><strong>At</strong></span> <span class='ocrx_word' id='word_1_112' title='bbox 1903 3061 2069 3103; x_wconf 87' lang='lat' dir='ltr'><strong>vero</strong></span> <span class='ocrx_word' id='word_1_113' title='bbox 2127 3040 2341 3126; x_wconf 84' lang='lat' dir='ltr'><strong>potest</strong></span> 
     </span>
     <span class='ocr_line' id='line_1_25' title="bbox 807 3135 2337 3220; baseline -0.003 -15"><span class='ocrx_word' id='word_1_114' title='bbox 807 3141 988 3205; x_wconf 87' lang='lat' dir='ltr'><strong>haec</strong></span> <span class='ocrx_word' id='word_1_115' title='bbox 1023 3139 1136 3201; x_wconf 83' lang='lat' dir='ltr'><strong>lex</strong></span> <span class='ocrx_word' id='word_1_116' title='bbox 1173 3139 1241 3199; x_wconf 91' lang='lat' dir='ltr'><strong>in</strong></span> <span class='ocrx_word' id='word_1_117' title='bbox 1297 3135 1514 3198; x_wconf 87' lang='lat' dir='ltr'><strong>numis</strong></span> <span class='ocrx_word' id='word_1_118' title='bbox 1568 3137 1748 3198; x_wconf 85' lang='lat' dir='ltr'><strong>intra</strong></span> <span class='ocrx_word' id='word_1_119' title='bbox 1800 3155 2058 3220; x_wconf 86' lang='lat' dir='ltr'><strong>paucos</strong></span> <span class='ocrx_word' id='word_1_120' title='bbox 2121 3157 2337 3201; x_wconf 88' lang='lat' dir='ltr'><strong>annos</strong></span> 
     </span>
    </p>
   </div>
   <div class='ocr_carea' id='block_1_8' title="bbox 692 3229 2336 3323">
    <p class='ocr_par' dir='ltr' id='par_1_8' title="bbox 692 3229 2336 3323">
     <span class='ocr_line' id='line_1_26' title="bbox 692 3229 2336 3323; baseline -0.005 -19"><span class='ocrx_word' id='word_1_121' title='bbox 692 3300 697 3304; x_wconf 79' lang='grc'><em>.</em></span> <span class='ocrx_word' id='word_1_122' title='bbox 808 3235 1129 3323; x_wconf 74' lang='lat' dir='ltr'><strong>perculsis</strong></span> <span class='ocrx_word' id='word_1_123' title='bbox 1156 3231 1415 3297; x_wconf 83' lang='lat' dir='ltr'><strong>fallere.</strong></span> <span class='ocrx_word' id='word_1_124' title='bbox 1472 3229 1946 3314; x_wconf 81' lang='lat' dir='ltr'><strong>Quaestionem</strong></span> <span class='ocrx_word' id='word_1_125' title='bbox 1978 3231 2336 3321; x_wconf 78' lang='lat' dir='ltr'><strong>plurimum</strong></span> 
     </span>
    </p>
   </div>
   <div class='ocr_carea' id='block_1_9' title="bbox 805 3327 2335 3796">
    <p class='ocr_par' dir='ltr' id='par_1_9' title="bbox 805 3327 2335 3796">
     <span class='ocr_line' id='line_1_27' title="bbox 805 3327 2334 3409; baseline -0.005 -11"><span class='ocrx_word' id='word_1_126' title='bbox 805 3330 1088 3398; x_wconf 83' lang='lat' dir='ltr'><strong>illustrat</strong></span> <span class='ocrx_word' id='word_1_127' title='bbox 1123 3348 1363 3393; x_wconf 85' lang='lat' dir='ltr'><strong>numus</strong></span> <span class='ocrx_word' id='word_1_128' title='bbox 1397 3328 1763 3409; x_wconf 80' lang='lat' dir='ltr'><strong>viminacii</strong></span> <span class='ocrx_word' id='word_1_129' title='bbox 1812 3327 1975 3390; x_wconf 86' lang='lat' dir='ltr'><strong>olim</strong></span> <span class='ocrx_word' id='word_1_130' title='bbox 2037 3349 2079 3392; x_wconf 91' lang='lat' dir='ltr'><strong>a</strong></span> <span class='ocrx_word' id='word_1_131' title='bbox 2130 3330 2186 3391; x_wconf 87' lang='lat' dir='ltr'><strong>F</strong></span> <span class='ocrx_word' id='word_1_132' title='bbox 2191 3349 2334 3392; x_wconf 87' lang='lat' dir='ltr'><strong>roe·</strong></span> 
     </span>
     <span class='ocr_line' id='line_1_28' title="bbox 808 3413 2334 3510; baseline -0.001 -18"><span class='ocrx_word' id='word_1_133' title='bbox 808 3429 1016 3492; x_wconf 86' lang='lat' dir='ltr'><strong>lichio</strong></span> <span class='ocrx_word' id='word_1_134' title='bbox 1062 3427 1321 3501; x_wconf 77' lang='lat' dir='ltr'><strong>edituS,</strong></span> <span class='ocrx_word' id='word_1_135' title='bbox 1372 3413 1438 3504; x_wconf 82' lang='lat' dir='ltr'><strong>b)</strong></span> <span class='ocrx_word' id='word_1_136' title='bbox 1510 3425 1624 3507; x_wconf 85' lang='lat' dir='ltr'><strong>qui</strong></span> <span class='ocrx_word' id='word_1_137' title='bbox 1666 3435 1939 3509; x_wconf 86' lang='lat' dir='ltr'><strong>praeter</strong></span> <span class='ocrx_word' id='word_1_138' title='bbox 1982 3437 2188 3510; x_wconf 78' lang='lat' dir='ltr'><strong>caput</strong></span> <span class='ocrx_word' id='word_1_139' title='bbox 2223 3447 2334 3490; x_wconf 89' lang='lat' dir='ltr'><strong>ve-</strong></span> 
     </span>
     <span class='ocr_line' id='line_1_29' title="bbox 807 3520 2333 3587; baseline -0.002 0"><span class='ocrx_word' id='word_1_140' title='bbox 807 3526 1020 3587; x_wconf 87' lang='lat' dir='ltr'><strong>latum</strong></span> <span class='ocrx_word' id='word_1_141' title='bbox 1062 3521 1347 3587; x_wconf 80' lang='lat' dir='ltr'><strong>DIVAE</strong></span> <span class='ocrx_word' id='word_1_142' title='bbox 1381 3520 1964 3584; x_wconf 59' lang='lat' dir='ltr'>MARINPANAE</span> <span class='ocrx_word' id='word_1_143' title='bbox 1999 3520 2200 3584; x_wconf 85' lang='lat' dir='ltr'><strong>offert</strong></span> <span class='ocrx_word' id='word_1_144' title='bbox 2218 3543 2333 3584; x_wconf 90' lang='lat' dir='ltr'><strong>an·</strong></span> 
     </span>
     <span class='ocr_line' id='line_1_30' title="bbox 810 3615 2335 3702; baseline 0 -21"><span class='ocrx_word' id='word_1_145' title='bbox 810 3639 968 3681; x_wconf 87' lang='lat' dir='ltr'><strong>num</strong></span> <span class='ocrx_word' id='word_1_146' title='bbox 999 3615 1321 3702; x_wconf 63' lang='lat' dir='ltr'><strong>&#39;epochae</strong></span> <span class='ocrx_word' id='word_1_147' title='bbox 1358 3619 1503 3680; x_wconf 85' lang='lat' dir='ltr'><strong>XV.</strong></span> <span class='ocrx_word' id='word_1_148' title='bbox 1577 3615 1748 3679; x_wconf 88' lang='lat' dir='ltr'><strong>Cum</strong></span> <span class='ocrx_word' id='word_1_149' title='bbox 1788 3636 2001 3681; x_wconf 84' lang='lat' dir='ltr'><strong>annus</strong></span> <span class='ocrx_word' id='word_1_150' title='bbox 2026 3620 2335 3682; x_wconf 73' lang='lat' dir='ltr'><strong>Vimina-</strong></span> 
     </span>
     <span class='ocr_line' id='line_1_31' title="bbox 812 3710 2331 3796; baseline 0.002 -22"><span class='ocrx_word' id='word_1_151' title='bbox 812 3713 900 3774; x_wconf 89' lang='lat' dir='ltr'><strong>cii</strong></span> <span class='ocrx_word' id='word_1_152' title='bbox 939 3715 1084 3776; x_wconf 86' lang='lat' dir='ltr'><strong>XV.</strong></span> <span class='ocrx_word' id='word_1_153' title='bbox 1131 3713 1464 3796; x_wconf 84' lang='lat' dir='ltr'><strong>conspiret</strong></span> <span class='ocrx_word' id='word_1_154' title='bbox 1489 3731 1642 3774; x_wconf 89' lang='lat' dir='ltr'><strong>cum</strong></span> <span class='ocrx_word' id='word_1_155' title='bbox 1681 3731 1859 3776; x_wconf 87' lang='lat' dir='ltr'><strong>anno</strong></span> <span class='ocrx_word' id='word_1_156' title='bbox 1896 3714 1975 3777; x_wconf 90' lang='lat' dir='ltr'><strong>V.</strong></span> <span class='ocrx_word' id='word_1_157' title='bbox 2016 3710 2090 3777; x_wconf 90' lang='lat' dir='ltr'><strong>C.</strong></span> <span class='ocrx_word' id='word_1_158' title='bbox 2123 3729 2331 3793; x_wconf 90' lang='lat'><strong>1007,</strong></span> 
     </span>
    </p>
   </div>
   <div class='ocr_carea' id='block_1_10' title="bbox 809 3900 2328 3985">
    <p class='ocr_par' dir='ltr' id='par_1_10' title="bbox 809 3900 2328 3985">
     <span class='ocr_line' id='line_1_32' title="bbox 809 3900 2328 3985; baseline 0.003 -22"><span class='ocrx_word' id='word_1_159' title='bbox 809 3900 901 3963; x_wconf 89' lang='lat' dir='ltr'><strong>ad</strong></span> <span class='ocrx_word' id='word_1_160' title='bbox 920 3900 1266 3963; x_wconf 84' lang='lat' dir='ltr'><strong>Valeriani</strong></span> <span class='ocrx_word' id='word_1_161' title='bbox 1286 3902 1647 3985; x_wconf 85' lang='lat' dir='ltr'><strong>imperium</strong></span> <span class='ocrx_word' id='word_1_162' title='bbox 1668 3902 2019 3985; x_wconf 87' lang='lat' dir='ltr'><strong>pertinere.</strong></span> <span class='ocrx_word' id='word_1_163' title='bbox 2060 3905 2328 3969; x_wconf 87' lang='lat' dir='ltr'><strong>Tamen</strong></span> 
     </span>
    </p>
   </div>
   <div class='ocr_carea' id='block_1_11' title="bbox 2413 1609 3994 2559">
    <p class='ocr_par' dir='ltr' id='par_1_11' title="bbox 2413 1609 3994 2559">
     <span class='ocr_line' id='line_1_33' title="bbox 2415 1609 3952 1701; baseline 0.006 -27"><span class='ocrx_word' id='word_1_164' title='bbox 2415 1632 2565 1676; x_wconf 88' lang='lat' dir='ltr'><strong>rum</strong></span> <span class='ocrx_word' id='word_1_165' title='bbox 2610 1610 2894 1674; x_wconf 85' lang='lat' dir='ltr'><strong>alteram</strong></span> <span class='ocrx_word' id='word_1_166' title='bbox 2935 1609 3123 1673; x_wconf 76' lang='lat' dir='ltr'><strong>fuiss&#39;e</strong></span> <span class='ocrx_word' id='word_1_167' title='bbox 3153 1610 3633 1692; x_wconf 82' lang='lat' dir='ltr'><strong>Marinianam‚</strong></span> <span class='ocrx_word' id='word_1_168' title='bbox 3695 1634 3785 1681; x_wconf 80' lang='lat' dir='ltr'><strong>ex</strong></span> <span class='ocrx_word' id='word_1_169' title='bbox 3813 1636 3952 1701; x_wconf 84' lang='lat' dir='ltr'><strong>qua</strong></span> 
     </span>
     <span class='ocr_line' id='line_1_34' title="bbox 2417 1706 3950 1796; baseline 0.005 -27"><span class='ocrx_word' id='word_1_170' title='bbox 2417 1707 2630 1769; x_wconf 85' lang='lat' dir='ltr'><strong>filium</strong></span> <span class='ocrx_word' id='word_1_171' title='bbox 2682 1707 2966 1769; x_wconf 86' lang='lat' dir='ltr'><strong>alterum</strong></span> <span class='ocrx_word' id='word_1_172' title='bbox 3016 1706 3453 1770; x_wconf 85' lang='lat' dir='ltr'><strong>Valerianum</strong></span> <span class='ocrx_word' id='word_1_173' title='bbox 3503 1712 3638 1789; x_wconf 88' lang='lat' dir='ltr'><strong>jun.</strong></span> <span class='ocrx_word' id='word_1_174' title='bbox 3699 1733 3950 1796; x_wconf 80' lang='lat' dir='ltr'><strong>genue—</strong></span> 
     </span>
     <span class='ocr_line' id='line_1_35' title="bbox 2415 1802 3949 1889; baseline 0.005 -25"><span class='ocrx_word' id='word_1_175' title='bbox 2415 1804 2506 1865; x_wconf 85' lang='lat' dir='ltr'><strong>rit</strong></span> <span class='ocrx_word' id='word_1_176' title='bbox 2539 1848 2557 1876; x_wconf 94' lang='lat'><strong>,</strong></span> <span class='ocrx_word' id='word_1_177' title='bbox 2614 1819 2901 1883; x_wconf 88' lang='lat' dir='ltr'><strong>eamque</strong></span> <span class='ocrx_word' id='word_1_178' title='bbox 2954 1802 3184 1885; x_wconf 84' lang='lat' dir='ltr'><strong>paullo</strong></span> <span class='ocrx_word' id='word_1_179' title='bbox 3223 1802 3365 1886; x_wconf 84' lang='lat' dir='ltr'><strong>post</strong></span> <span class='ocrx_word' id='word_1_180' title='bbox 3413 1803 3786 1889; x_wconf 89' lang='lat' dir='ltr'><strong>susceptum</strong></span> <span class='ocrx_word' id='word_1_181' title='bbox 3821 1810 3949 1870; x_wconf 88' lang='lat' dir='ltr'><strong>im-</strong></span> 
     </span>
     <span class='ocr_line' id='line_1_36' title="bbox 2420 1895 3942 1985; baseline 0.006 -27"><span class='ocrx_word' id='word_1_182' title='bbox 2420 1898 2683 1982; x_wconf 84' lang='lat' dir='ltr'><strong>perium</strong></span> <span class='ocrx_word' id='word_1_183' title='bbox 2755 1895 3150 1960; x_wconf 88' lang='lat' dir='ltr'><strong>defunctam</strong></span> <span class='ocrx_word' id='word_1_184' title='bbox 3190 1944 3210 1973; x_wconf 89' lang='lat'>‚</span> <span class='ocrx_word' id='word_1_185' title='bbox 3318 1899 3942 1985; x_wconf 85' lang='lat' dir='ltr'><strong>consecratamque.</strong></span> 
     </span>
     <span class='ocr_line' id='line_1_37' title="bbox 2422 1991 3943 2075; baseline 0.003 -19"><span class='ocrx_word' id='word_1_186' title='bbox 2422 1992 2733 2056; x_wconf 88' lang='lat' dir='ltr'><strong>Ceterum</strong></span> <span class='ocrx_word' id='word_1_187' title='bbox 2793 1991 3071 2056; x_wconf 86' lang='lat' dir='ltr'><strong>fabulas</strong></span> <span class='ocrx_word' id='word_1_188' title='bbox 3118 2012 3394 2056; x_wconf 87' lang='lat' dir='ltr'><strong>narrare</strong></span> <span class='ocrx_word' id='word_1_189' title='bbox 3432 1996 3883 2060; x_wconf 88' lang='lat' dir='ltr'><strong>Vaillantium</strong></span> <span class='ocrx_word' id='word_1_190' title='bbox 3922 2048 3943 2075; x_wconf 87' lang='lat'><strong>,</strong></span> 
     </span>
     <span class='ocr_line' id='line_1_38' title="bbox 2418 2088 3938 2156; baseline 0.003 -4"><span class='ocrx_word' id='word_1_191' title='bbox 2418 2109 2568 2153; x_wconf 88' lang='lat' dir='ltr'><strong>cum</strong></span> <span class='ocrx_word' id='word_1_192' title='bbox 2614 2090 2929 2153; x_wconf 85' lang='lat' dir='ltr'><strong>maritum</strong></span> <span class='ocrx_word' id='word_1_193' title='bbox 2970 2089 3038 2149; x_wconf 78' lang='lat' dir='ltr'><strong>in</strong></span> <span class='ocrx_word' id='word_1_194' title='bbox 3085 2088 3367 2156; x_wconf 71' lang='lat' dir='ltr'><strong>Pernam</strong></span> <span class='ocrx_word' id='word_1_195' title='bbox 3403 2092 3809 2155; x_wconf 83' lang='lat' dir='ltr'><strong>comitatam</strong></span> <span class='ocrx_word' id='word_1_196' title='bbox 3835 2114 3938 2155; x_wconf 88' lang='lat' dir='ltr'><strong>re-</strong></span> 
     </span>
     <span class='ocr_line' id='line_1_39' title="bbox 2413 2183 3994 2263; baseline 0.003 -16"><span class='ocrx_word' id='word_1_197' title='bbox 2413 2183 2591 2263; x_wconf 83' lang='lat' dir='ltr'><strong>fert,</strong></span> <span class='ocrx_word' id='word_1_198' title='bbox 2644 2185 2825 2247; x_wconf 82' lang='lat' dir='ltr'><strong>idem</strong></span> <span class='ocrx_word' id='word_1_199' title='bbox 2883 2184 2991 2250; x_wconf 82' lang='lat' dir='ltr'><strong>hic</strong></span> <span class='ocrx_word' id='word_1_200' title='bbox 3045 2185 3409 2248; x_wconf 79' lang='lat' dir='ltr'><strong>viminacii</strong></span> <span class='ocrx_word' id='word_1_201' title='bbox 3456 2206 3697 2251; x_wconf 88' lang='lat' dir='ltr'><strong>numus</strong></span> <span class='ocrx_word' id='word_1_202' title='bbox 3751 2206 3994 2251; x_wconf 53' lang='lat' dir='ltr'><strong>com·x</strong></span> 
     </span>
     <span class='ocr_line' id='line_1_40' title="bbox 2416 2280 3946 2367; baseline 0.003 -24"><span class='ocrx_word' id='word_1_203' title='bbox 2416 2281 2707 2367; x_wconf 91' lang='lat' dir='ltr'><strong>probat,</strong></span> <span class='ocrx_word' id='word_1_204' title='bbox 2789 2303 2872 2344; x_wconf 78' lang='lat' dir='ltr'><strong>ex</strong></span> <span class='ocrx_word' id='word_1_205' title='bbox 2927 2300 3063 2362; x_wconf 88' lang='lat' dir='ltr'><strong>quo</strong></span> <span class='ocrx_word' id='word_1_206' title='bbox 3133 2280 3483 2358; x_wconf 86' lang='lat' dir='ltr'><strong>discimus,</strong></span> <span class='ocrx_word' id='word_1_207' title='bbox 3543 2285 3686 2364; x_wconf 88' lang='lat' dir='ltr'><strong>jam</strong></span> <span class='ocrx_word' id='word_1_208' title='bbox 3748 2282 3946 2347; x_wconf 81' lang='lat' dir='ltr'><strong>fuiss’e</strong></span> 
     </span>
     <span class='ocr_line' id='line_1_41' title="bbox 2418 2375 3942 2461; baseline 0.003 -22"><span class='ocrx_word' id='word_1_209' title='bbox 2418 2390 2758 2439; x_wconf 90' lang='lat' dir='ltr'><strong>mortuam</strong></span> <span class='ocrx_word' id='word_1_210' title='bbox 2803 2379 2886 2441; x_wconf 91' lang='lat' dir='ltr'><strong>V.</strong></span> <span class='ocrx_word' id='word_1_211' title='bbox 2929 2375 3001 2443; x_wconf 90' lang='lat' dir='ltr'><strong>C.</strong></span> <span class='ocrx_word' id='word_1_212' title='bbox 3046 2395 3266 2457; x_wconf 84' lang='lat'><strong>1007,</strong></span> <span class='ocrx_word' id='word_1_213' title='bbox 3321 2379 3754 2461; x_wconf 83' lang='lat' dir='ltr'><strong>expeditione</strong></span> <span class='ocrx_word' id='word_1_214' title='bbox 3781 2380 3942 2443; x_wconf 87' lang='lat' dir='ltr'><strong>Per·</strong></span> 
     </span>
     <span class='ocr_line' id='line_1_42' title="bbox 2420 2471 3748 2559; baseline 0.002 -25"><span class='ocrx_word' id='word_1_215' title='bbox 2420 2471 2548 2536; x_wconf 84' lang='lat' dir='ltr'><strong>fica</strong></span> <span class='ocrx_word' id='word_1_216' title='bbox 2592 2472 2893 2557; x_wconf 88' lang='lat' dir='ltr'><strong>pluribus</strong></span> <span class='ocrx_word' id='word_1_217' title='bbox 2948 2472 3149 2536; x_wconf 85' lang='lat' dir='ltr'><strong>serius</strong></span> <span class='ocrx_word' id='word_1_218' title='bbox 3185 2472 3376 2536; x_wconf 81' lang='lat' dir='ltr'><strong>annis</strong></span> <span class='ocrx_word' id='word_1_219' title='bbox 3428 2473 3748 2559; x_wconf 81' lang='lat' dir='ltr'><strong>suscepta.</strong></span> 
     </span>
    </p>
   </div>
   <div class='ocr_carea' id='block_1_12' title="bbox 3021 2665 3338 2730">
    <p class='ocr_par' dir='ltr' id='par_1_12' title="bbox 3021 2665 3338 2730">
     <span class='ocr_line' id='line_1_43' title="bbox 3021 2665 3338 2730; baseline -0.003 0"><span class='ocrx_word' id='word_1_220' title='bbox 3021 2665 3268 2730; x_wconf 72' lang='lat' dir='ltr'><strong>Numi</strong></span> <span class='ocrx_word' id='word_1_221' title='bbox 3312 2691 3338 2729; x_wconf 91' lang='grc'><strong>.·</strong></span> 
     </span>
    </p>
   </div>
   <div class='ocr_carea' id='block_1_13' title="bbox 2417 2854 3958 3701">
    <p class='ocr_par' dir='ltr' id='par_1_13' title="bbox 2711 2854 3944 2945">
     <span class='ocr_line' id='line_1_44' title="bbox 2711 2854 3944 2945; baseline 0.006 -29"><span class='ocrx_word' id='word_1_222' title='bbox 2711 2854 3019 2919; x_wconf 82' lang='lat' dir='ltr'><strong>DIV&#39;AE.</strong></span> <span class='ocrx_word' id='word_1_223' title='bbox 3101 2855 3708 2920; x_wconf 81' lang='lat' dir='ltr'><strong>MARINIANAE.</strong></span> <span class='ocrx_word' id='word_1_224' title='bbox 3779 2861 3944 2945; x_wconf 66' lang='lat' dir='ltr'><strong>Ejus</strong></span> 
     </span>
    </p>

    <p class='ocr_par' dir='ltr' id='par_1_14' title="bbox 2717 2949 3946 3037">
     <span class='ocr_line' id='line_1_45' title="bbox 2717 2949 3946 3037; baseline 0.005 -24"><span class='ocrx_word' id='word_1_225' title='bbox 2717 2960 2904 3034; x_wconf 78' lang='lat' dir='ltr'><strong>caput</strong></span> <span class='ocrx_word' id='word_1_226' title='bbox 2963 2949 3253 3015; x_wconf 78' lang='lat' dir='ltr'><strong>velatum.</strong></span> <span class='ocrx_word' id='word_1_227' title='bbox 3319 2953 3400 3016; x_wconf 85' lang='lat' dir='ltr'><strong>In</strong></span> <span class='ocrx_word' id='word_1_228' title='bbox 3454 2956 3810 3037; x_wconf 75' lang='lat' dir='ltr'><strong>argenteis,</strong></span> <span class='ocrx_word' id='word_1_229' title='bbox 3881 2966 3946 3019; x_wconf 80' lang='lat' dir='ltr'><strong>et</strong></span> 
     </span>
    </p>

    <p class='ocr_par' dir='ltr' id='par_1_15' title="bbox 2708 3047 3945 3136">
     <span class='ocr_line' id='line_1_46' title="bbox 2708 3047 3945 3136; baseline 0.006 -27"><span class='ocrx_word' id='word_1_230' title='bbox 2708 3049 3016 3110; x_wconf 75' lang='lat' dir='ltr'><strong>nonnullis</strong></span> <span class='ocrx_word' id='word_1_231' title='bbox 3061 3047 3216 3110; x_wconf 83' lang='grc' dir='ltr'><strong>ΛΕ.</strong></span> <span class='ocrx_word' id='word_1_232' title='bbox 3267 3048 3353 3111; x_wconf 88' lang='lat' dir='ltr'><strong>II.</strong></span> <span class='ocrx_word' id='word_1_233' title='bbox 3392 3058 3723 3133; x_wconf 77' lang='lat' dir='ltr'><strong>praeterea</strong></span> <span class='ocrx_word' id='word_1_234' title='bbox 3749 3054 3945 3136; x_wconf 77' lang='lat' dir='ltr'><strong>super</strong></span> 
     </span>
    </p>

    <p class='ocr_par' dir='ltr' id='par_1_16' title="bbox 2711 3140 3928 3207">
     <span class='ocr_line' id='line_1_47' title="bbox 2711 3140 3928 3207; baseline 0.007 -5"><span class='ocrx_word' id='word_1_235' title='bbox 2711 3140 2860 3207; x_wconf 80' lang='lat' dir='ltr'><strong>luna</strong></span> <span class='ocrx_word' id='word_1_236' title='bbox 2897 3140 3151 3207; x_wconf 79' lang='lat' dir='ltr'><strong>bicorni.</strong></span> <span class='ocrx_word' id='word_1_237' title='bbox 3917 3146 3928 3149; x_wconf 34' lang='lat'>*</span> 
     </span>
    </p>

    <p class='ocr_par' dir='ltr' id='par_1_17' title="bbox 2420 3225 3941 3328">
     <span class='ocr_line' id='line_1_48' title="bbox 2420 3225 3941 3328; baseline 0.007 -28"><span class='ocrx_word' id='word_1_238' title='bbox 2420 3234 3086 3303; x_wconf 85' lang='lat' dir='ltr'><strong>CONSECRATIO.</strong></span> <span class='ocrx_word' id='word_1_239' title='bbox 3129 3225 3330 3302; x_wconf 55' lang='lat' dir='ltr'><strong>‘Pavo</strong></span> <span class='ocrx_word' id='word_1_240' title='bbox 3366 3238 3566 3305; x_wconf 80' lang='lat' dir='ltr'><strong>cauda</strong></span> <span class='ocrx_word' id='word_1_241' title='bbox 3603 3243 3941 3328; x_wconf 77' lang='lat' dir='ltr'><strong>explicata.</strong></span> 
     </span>
    </p>

    <p class='ocr_par' dir='ltr' id='par_1_18' title="bbox 2418 3331 3941 3512">
     <span class='ocr_line' id='line_1_49' title="bbox 2421 3331 3941 3417; baseline 0.007 -22"><span class='ocrx_word' id='word_1_242' title='bbox 2421 3335 2565 3396; x_wconf 82' lang='lat' dir='ltr'><strong>Av.</strong></span> <span class='ocrx_word' id='word_1_243' title='bbox 2620 3332 2831 3417; x_wconf 80' lang='lat' dir='ltr'><strong>(Mus.</strong></span> <span class='ocrx_word' id='word_1_244' title='bbox 2869 3331 2945 3396; x_wconf 90' lang='lat' dir='ltr'><strong>C.</strong></span> <span class='ocrx_word' id='word_1_245' title='bbox 3002 3332 3083 3394; x_wconf 88' lang='lat' dir='ltr'><strong>de</strong></span> <span class='ocrx_word' id='word_1_246' title='bbox 3131 3332 3415 3412; x_wconf 85' lang='lat' dir='ltr'><strong>Vitzai.)</strong></span> <span class='ocrx_word' id='word_1_247' title='bbox 3458 3338 3685 3403; x_wconf 79' lang='lat' dir='ltr'><strong>AR.et</strong></span> <span class='ocrx_word' id='word_1_248' title='bbox 3720 3340 3941 3405; x_wconf 74' lang='lat' dir='ltr'><strong>addito</strong></span> 
     </span>
     <span class='ocr_line' id='line_1_50' title="bbox 2418 3426 3554 3512; baseline 0.001 -21"><span class='ocrx_word' id='word_1_249' title='bbox 2418 3427 2484 3491; x_wconf 81' lang='lat' dir='ltr'><strong>S&#39;.</strong></span> <span class='ocrx_word' id='word_1_250' title='bbox 2524 3426 2600 3492; x_wconf 91' lang='lat' dir='ltr'><strong>C.</strong></span> <span class='ocrx_word' id='word_1_251' title='bbox 2654 3428 2790 3490; x_wconf 87' lang='lat' dir='ltr'><strong>AE.</strong></span> <span class='ocrx_word' id='word_1_252' title='bbox 2830 3430 2882 3493; x_wconf 91' lang='lat'><strong>1.</strong></span> <span class='ocrx_word' id='word_1_253' title='bbox 2929 3428 3009 3492; x_wconf 88' lang='lat'><strong>11.</strong></span> <span class='ocrx_word' id='word_1_254' title='bbox 3061 3428 3260 3511; x_wconf 89' lang='lat' dir='ltr'><strong>(Mus.</strong></span> <span class='ocrx_word' id='word_1_255' title='bbox 3299 3428 3554 3512; x_wconf 67' lang='lat' dir='ltr'><strong>Caes),</strong></span> 
     </span>
    </p>

    <p class='ocr_par' dir='ltr' id='par_1_19' title="bbox 2527 3523 3958 3596">
     <span class='ocr_line' id='line_1_51' title="bbox 2527 3523 3958 3596; baseline 0.001 -9"><span class='ocrx_word' id='word_1_256' title='bbox 2527 3538 2534 3545; x_wconf 84' lang='lat'><strong>·</strong></span> <span class='ocrx_word' id='word_1_257' title='bbox 2707 3523 2940 3587; x_wconf 77' lang='lat' dir='ltr'><strong>Eadem</strong></span> <span class='ocrx_word' id='word_1_258' title='bbox 2990 3524 3266 3596; x_wconf 82' lang='lat' dir='ltr'><strong>adversa.</strong></span> <span class='ocrx_word' id='word_1_259' title='bbox 3949 3582 3958 3589; x_wconf 94' lang='lat'><strong>.</strong></span> 
     </span>
    </p>

    <p class='ocr_par' dir='ltr' id='par_1_20' title="bbox 2417 3615 3944 3701">
     <span class='ocr_line' id='line_1_52' title="bbox 2417 3615 3944 3701; baseline 0.007 -21"><span class='ocrx_word' id='word_1_260' title='bbox 2417 3615 3078 3682; x_wconf 81' lang='lat' dir='ltr'><strong>CONSECRATIO.</strong></span> <span class='ocrx_word' id='word_1_261' title='bbox 3153 3620 3331 3684; x_wconf 83' lang='lat' dir='ltr'><strong>Pavo</strong></span> <span class='ocrx_word' id='word_1_262' title='bbox 3383 3622 3827 3701; x_wconf 67' lang='lat' dir='ltr'><strong>Marinianam</strong></span> <span class='ocrx_word' id='word_1_263' title='bbox 3872 3626 3944 3697; x_wconf 68' lang='lat' dir='ltr'><strong>d,</strong></span> 
     </span>
    </p>
   </div>
   <div class='ocr_carea' id='block_1_14' title="bbox 2415 3706 3937 3806">
    <p class='ocr_par' dir='ltr' id='par_1_21' title="bbox 2415 3706 3937 3806">
     <span class='ocr_line' id='line_1_53' title="bbox 2415 3706 3937 3806; baseline 0.007 -32"><span class='ocrx_word' id='word_1_264' title='bbox 2415 3713 2578 3780; x_wconf 76' lang='lat' dir='ltr'><strong>elata</strong></span> <span class='ocrx_word' id='word_1_265' title='bbox 2603 3763 2620 3793; x_wconf 91' lang='lat'><strong>,</strong></span> <span class='ocrx_word' id='word_1_266' title='bbox 2674 3715 2731 3793; x_wconf 73' lang='lat' dir='ltr'><em>fi</em></span> <span class='ocrx_word' id='word_1_267' title='bbox 2787 3713 3017 3802; x_wconf 80' lang='lat' dir='ltr'><strong>hastam</strong></span> <span class='ocrx_word' id='word_1_268' title='bbox 3069 3722 3363 3780; x_wconf 79' lang='lat' dir='ltr'><strong>tenentem</strong></span> <span class='ocrx_word' id='word_1_269' title='bbox 3425 3718 3669 3791; x_wconf 74' lang='lat' dir='ltr'><strong>sublime</strong></span> <span class='ocrx_word' id='word_1_270' title='bbox 3735 3706 3937 3806; x_wconf 70' lang='lat' dir='ltr'><strong>effert.</strong></span> 
     </span>
    </p>
   </div>
   <div class='ocr_carea' id='block_1_15' title="bbox 712 3803 3405 3895">
    <p class='ocr_par' dir='ltr' id='par_1_22' title="bbox 712 3803 3405 3895">
     <span class='ocr_line' id='line_1_54' title="bbox 712 3803 3405 3895; baseline 0.002 -26"><span class='ocrx_word' id='word_1_271' title='bbox 712 3884 723 3891; x_wconf 89' lang='lat'><strong>.</strong></span> <span class='ocrx_word' id='word_1_272' title='bbox 809 3803 979 3869; x_wconf 83' lang='lat' dir='ltr'><strong>istud</strong></span> <span class='ocrx_word' id='word_1_273' title='bbox 1003 3806 1238 3868; x_wconf 89' lang='lat' dir='ltr'><strong>saltem</strong></span> <span class='ocrx_word' id='word_1_274' title='bbox 1272 3820 1457 3870; x_wconf 89' lang='lat' dir='ltr'><strong>certo</strong></span> <span class='ocrx_word' id='word_1_275' title='bbox 1484 3819 1812 3883; x_wconf 86' lang='lat' dir='ltr'><strong>tenemus,</strong></span> <span class='ocrx_word' id='word_1_276' title='bbox 1864 3808 2331 3873; x_wconf 86' lang='lat' dir='ltr'><strong>Marinianam</strong></span> <span class='ocrx_word' id='word_1_277' title='bbox 2409 3812 2555 3874; x_wconf 78' lang='lat' dir='ltr'><strong>AV.</strong></span> <span class='ocrx_word' id='word_1_278' title='bbox 2608 3808 2901 3895; x_wconf 89' lang='lat' dir='ltr'><strong>(Band.)</strong></span> <span class='ocrx_word' id='word_1_279' title='bbox 2952 3808 3095 3872; x_wconf 87' lang='lat' dir='ltr'><strong>AR.</strong></span> <span class='ocrx_word' id='word_1_280' title='bbox 3143 3810 3280 3877; x_wconf 82' lang='grc' dir='ltr'><strong>ΑΕ.</strong></span> <span class='ocrx_word' id='word_1_281' title='bbox 3319 3813 3405 3875; x_wconf 90' lang='grc' dir='ltr'><strong>ΙΙ.</strong></span> 
     </span>
    </p>
   </div>
   <div class='ocr_carea' id='block_1_16' title="bbox 2701 3904 3252 3987">
    <p class='ocr_par' dir='ltr' id='par_1_23' title="bbox 2701 3904 3252 3987">
     <span class='ocr_line' id='line_1_55' title="bbox 2701 3904 3252 3987; baseline 0 -16"><span class='ocrx_word' id='word_1_282' title='bbox 2701 3906 2936 3971; x_wconf 81' lang='lat' dir='ltr'><strong>Eadem</strong></span> <span class='ocrx_word' id='word_1_283' title='bbox 2972 3904 3252 3987; x_wconf 81' lang='lat' dir='ltr'><strong>adversa.</strong></span> 
     </span>
    </p>
   </div>
   <div class='ocr_carea' id='block_1_17' title="bbox 812 3994 3946 4090">
    <p class='ocr_par' dir='ltr' id='par_1_24' title="bbox 812 3994 3946 4090">
     <span class='ocr_line' id='line_1_56' title="bbox 812 3994 3946 4090; baseline 0.006 -34"><span class='ocrx_word' id='word_1_284' title='bbox 812 4014 900 4056; x_wconf 80' lang='lat' dir='ltr'><strong>ex</strong></span> <span class='ocrx_word' id='word_1_285' title='bbox 942 4013 1027 4055; x_wconf 89' lang='lat' dir='ltr'><strong>eo</strong></span> <span class='ocrx_word' id='word_1_286' title='bbox 1078 3997 1240 4083; x_wconf 60' lang='lat' dir='ltr'><strong>certi</strong></span> <span class='ocrx_word' id='word_1_287' title='bbox 1277 3998 1576 4058; x_wconf 90' lang='lat' dir='ltr'><strong>nondum</strong></span> <span class='ocrx_word' id='word_1_288' title='bbox 1614 3994 1835 4058; x_wconf 78' lang='lat' dir='ltr'><strong>sumus</strong></span> <span class='ocrx_word' id='word_1_289' title='bbox 1860 4043 1881 4073; x_wconf 87' lang='lat'><strong>‚</strong></span> <span class='ocrx_word' id='word_1_290' title='bbox 1945 3996 2136 4063; x_wconf 84' lang='lat' dir='ltr'><strong>suiss&#39;e</strong></span> <span class='ocrx_word' id='word_1_291' title='bbox 2176 4022 2329 4065; x_wconf 88' lang='lat' dir='ltr'><strong>eam</strong></span> <span class='ocrx_word' id='word_1_292' title='bbox 2410 4000 3229 4067; x_wconf 86' lang='lat' dir='ltr'><strong>FELICIT.·DEORVM.</strong></span> <span class='ocrx_word' id='word_1_293' title='bbox 3283 4003 3520 4068; x_wconf 77' lang='lat' dir='ltr'><strong>Mulier</strong></span> <span class='ocrx_word' id='word_1_294' title='bbox 3531 4004 3795 4090; x_wconf 77' lang='lat' dir='ltr'><strong>stansd.</strong></span> <span class='ocrx_word' id='word_1_295' title='bbox 3825 4028 3946 4074; x_wconf 82' lang='lat' dir='ltr'><strong>ca-</strong></span> 
     </span>
    </p>
   </div>
   <div class='ocr_carea' id='block_1_18' title="bbox 810 4088 2339 4461">
    <p class='ocr_par' dir='ltr' id='par_1_25' title="bbox 810 4088 2339 4461">
     <span class='ocr_line' id='line_1_57' title="bbox 810 4088 2333 4170; baseline 0.005 -19"><span class='ocrx_word' id='word_1_296' title='bbox 810 4088 970 4151; x_wconf 87' lang='lat' dir='ltr'><strong>huic</strong></span> <span class='ocrx_word' id='word_1_297' title='bbox 1000 4107 1272 4170; x_wconf 83' lang='lat' dir='ltr'><strong>quoque</strong></span> <span class='ocrx_word' id='word_1_298' title='bbox 1294 4093 1593 4169; x_wconf 85' lang='lat' dir='ltr'><strong>junctam</strong></span> <span class='ocrx_word' id='word_1_299' title='bbox 1639 4092 2116 4169; x_wconf 79' lang='lat' dir='ltr'><strong>matrimonio;</strong></span> <span class='ocrx_word' id='word_1_300' title='bbox 2173 4116 2333 4160; x_wconf 91' lang='lat' dir='ltr'><strong>nam</strong></span> 
     </span>
     <span class='ocr_line' id='line_1_58' title="bbox 812 4182 2333 4269; baseline 0.006 -22"><span class='ocrx_word' id='word_1_301' title='bbox 812 4195 1086 4269; x_wconf 85' lang='lat' dir='ltr'><strong>poterat</strong></span> <span class='ocrx_word' id='word_1_302' title='bbox 1121 4182 1245 4245; x_wconf 79' lang='lat' dir='ltr'><strong>ess&#39;e</strong></span> <span class='ocrx_word' id='word_1_303' title='bbox 1295 4182 1642 4245; x_wconf 86' lang='lat' dir='ltr'><strong>Valeriani</strong></span> <span class='ocrx_word' id='word_1_304' title='bbox 1701 4185 1889 4248; x_wconf 83' lang='lat' dir='ltr'><strong>soror</strong></span> <span class='ocrx_word' id='word_1_305' title='bbox 1911 4234 1931 4263; x_wconf 89' lang='lat'><strong>,</strong></span> <span class='ocrx_word' id='word_1_306' title='bbox 1972 4198 2123 4253; x_wconf 53' lang='lat' dir='ltr'><strong>*aut</strong></span> <span class='ocrx_word' id='word_1_307' title='bbox 2171 4189 2333 4257; x_wconf 88' lang='lat' dir='ltr'><strong>filia.</strong></span> 
     </span>
     <span class='ocr_line' id='line_1_59' title="bbox 815 4277 2338 4359; baseline -0.003 -16"><span class='ocrx_word' id='word_1_308' title='bbox 815 4281 1084 4343; x_wconf 87' lang='lat' dir='ltr'><strong>Interea</strong></span> <span class='ocrx_word' id='word_1_309' title='bbox 1105 4297 1254 4341; x_wconf 90' lang='lat' dir='ltr'><strong>cum</strong></span> <span class='ocrx_word' id='word_1_310' title='bbox 1273 4297 1357 4340; x_wconf 82' lang='lat' dir='ltr'><strong>ex</strong></span> <span class='ocrx_word' id='word_1_311' title='bbox 1374 4277 2013 4359; x_wconf 71' lang='lat' dir='ltr'><strong>Trebellioconstet,</strong></span> <span class='ocrx_word' id='word_1_312' title='bbox 2033 4284 2189 4349; x_wconf 83' lang='lat' dir='ltr'><strong>huic</strong></span> <span class='ocrx_word' id='word_1_313' title='bbox 2213 4288 2338 4350; x_wconf 84' lang='lat' dir='ltr'><strong>sal.</strong></span> 
     </span>
     <span class='ocr_line' id='line_1_60' title="bbox 821 4371 2339 4461; baseline 0.006 -25"><span class='ocrx_word' id='word_1_314' title='bbox 821 4388 959 4437; x_wconf 85' lang='lat' dir='ltr'><strong>tem</strong></span> <span class='ocrx_word' id='word_1_315' title='bbox 980 4374 1173 4437; x_wconf 85' lang='lat' dir='ltr'><strong>binas</strong></span> <span class='ocrx_word' id='word_1_316' title='bbox 1191 4371 1381 4436; x_wconf 84' lang='lat' dir='ltr'><strong>fuiss&#39;e</strong></span> <span class='ocrx_word' id='word_1_317' title='bbox 1393 4390 1664 4447; x_wconf 77' lang='lat' dir='ltr'><strong>uxores,</strong></span> <span class='ocrx_word' id='word_1_318' title='bbox 1695 4376 2045 4442; x_wconf 71' lang='lat' dir='ltr'><strong>verisimile</strong></span> <span class='ocrx_word' id='word_1_319' title='bbox 2068 4379 2177 4461; x_wconf 84' lang='lat' dir='ltr'><strong>est,</strong></span> <span class='ocrx_word' id='word_1_320' title='bbox 2215 4382 2339 4445; x_wconf 90' lang='lat' dir='ltr'><strong>ha-</strong></span> 
     </span>
    </p>
   </div>
   <div class='ocr_carea' id='block_1_19' title="bbox 890 4538 2040 4652">
    <p class='ocr_par' dir='ltr' id='par_1_26' title="bbox 890 4538 2040 4652">
     <span class='ocr_line' id='line_1_61' title="bbox 890 4538 2040 4652; baseline 0.009 -17"><span class='ocrx_word' id='word_1_321' title='bbox 890 4582 952 4649; x_wconf 72' lang='lat' dir='ltr'><strong>a)</strong></span> <span class='ocrx_word' id='word_1_322' title='bbox 992 4579 1174 4636; x_wconf 85' lang='lat' dir='ltr'><strong>Num.</strong></span> <span class='ocrx_word' id='word_1_323' title='bbox 1199 4568 1394 4652; x_wconf 60' lang='lat' dir='ltr'><strong>pxaest&#39;s</strong></span> <span class='ocrx_word' id='word_1_324' title='bbox 1429 4576 1594 4641; x_wconf 71' lang='lat' dir='ltr'><strong>Tem.</strong></span> <span class='ocrx_word' id='word_1_325' title='bbox 1628 4546 1676 4640; x_wconf 59' lang='lat' dir='ltr'><strong>i.</strong></span> <span class='ocrx_word' id='word_1_326' title='bbox 1714 4584 1844 4644; x_wconf 76' lang='lat' dir='ltr'><strong>edit.</strong></span> <span class='ocrx_word' id='word_1_327' title='bbox 1876 4538 2040 4645; x_wconf 80' lang='lat' dir='ltr'><strong>Rom.</strong></span> 
     </span>
    </p>
   </div>
   <div class='ocr_carea' id='block_1_20' title="bbox 2412 4096 3944 4471">
    <p class='ocr_par' dir='ltr' id='par_1_27' title="bbox 2412 4096 3944 4471">
     <span class='ocr_line' id='line_1_62' title="bbox 2412 4096 3942 4207; baseline 0.005 -47"><span class='ocrx_word' id='word_1_328' title='bbox 2412 4097 2661 4162; x_wconf 71' lang='lat' dir='ltr'><strong>duacum</strong></span> <span class='ocrx_word' id='word_1_329' title='bbox 2710 4096 3041 4181; x_wconf 79' lang='lat' dir='ltr'><strong>oblongum</strong></span> <span class='ocrx_word' id='word_1_330' title='bbox 3059 4145 3078 4176; x_wconf 89' lang='lat'><strong>,</strong></span> <span class='ocrx_word' id='word_1_331' title='bbox 3129 4102 3188 4207; x_wconf 87' lang='grc' dir='ltr'><strong>Ι.</strong></span> <span class='ocrx_word' id='word_1_332' title='bbox 3259 4104 3682 4185; x_wconf 74' lang='lat' dir='ltr'><strong>cornucopiae.</strong></span> <span class='ocrx_word' id='word_1_333' title='bbox 3789 4105 3942 4169; x_wconf 77' lang='lat' dir='ltr'><strong>AR.</strong></span> 
     </span>
     <span class='ocr_line' id='line_1_63' title="bbox 2422 4188 3944 4378; baseline 0.006 -30"><span class='ocrx_word' id='word_1_334' title='bbox 2422 4188 2773 4349; x_wconf 45' lang='grc' dir='ltr'><strong>(Βξῖἳιῗέιῖιε</strong></span> <span class='ocrx_word' id='word_1_335' title='bbox 2809 4290 3017 4352; x_wconf 87' lang='lat' dir='ltr'><strong>etiam</strong></span> <span class='ocrx_word' id='word_1_336' title='bbox 3065 4302 3341 4375; x_wconf 82' lang='lat' dir='ltr'><strong>propter</strong></span> <span class='ocrx_word' id='word_1_337' title='bbox 3371 4291 3791 4378; x_wconf 85' lang='lat' dir='ltr'><strong>epigraphen</strong></span> <span class='ocrx_word' id='word_1_338' title='bbox 3821 4294 3944 4358; x_wconf 87' lang='lat' dir='ltr'><strong>ad-</strong></span> 
     </span>
     <span class='ocr_line' id='line_1_64' title="bbox 2417 4380 3372 4471; baseline 0.012 -28"><span class='ocrx_word' id='word_1_339' title='bbox 2417 4380 2549 4444; x_wconf 85' lang='lat' dir='ltr'><strong>huc</strong></span> <span class='ocrx_word' id='word_1_340' title='bbox 2585 4382 2967 4447; x_wconf 79' lang='lat' dir='ltr'><strong>inusitatam</strong></span> <span class='ocrx_word' id='word_1_341' title='bbox 3005 4385 3372 4471; x_wconf 71' lang='lat' dir='ltr'><strong>[iugulatis.</strong></span> 
     </span>
    </p>
   </div>
   <div class='ocr_carea' id='block_1_21' title="bbox 2227 4588 2882 4662">
    <p class='ocr_par' dir='ltr' id='par_1_28' title="bbox 2227 4588 2882 4662">
     <span class='ocr_line' id='line_1_65' title="bbox 2227 4588 2882 4662; baseline 0.009 -20"><span class='ocrx_word' id='word_1_342' title='bbox 2227 4589 2287 4657; x_wconf 88' lang='lat' dir='ltr'><strong>b)</strong></span> <span class='ocrx_word' id='word_1_343' title='bbox 2328 4588 2644 4662; x_wconf 78' lang='lat' dir='ltr'><strong>Appendie,</strong></span> <span class='ocrx_word' id='word_1_344' title='bbox 2679 4608 2882 4649; x_wconf 80' lang='lat' dir='ltr'><strong>novae.</strong></span> 
     </span>
    </p>
   </div>
   <div class='ocr_carea' id='block_1_22' title="bbox 4207 238 4208 947">
    <p class='ocr_par' dir='ltr' id='par_1_29' title="bbox 4207 238 4208 947">
     <span class='ocr_line' id='line_1_66' title="bbox 4207 238 4208 947; baseline 0 0"><span class='ocrx_word' id='word_1_345' title='bbox 4207 238 4208 947; x_wconf 95' lang='lat' dir='ltr'><strong> </strong></span> 
     </span>
    </p>
   </div>
   <div class='ocr_carea' id='block_1_23' title="bbox 4206 3572 4210 5459">
    <p class='ocr_par' dir='ltr' id='par_1_30' title="bbox 4206 3572 4210 5459">
     <span class='ocr_line' id='line_1_67' title="bbox 4206 3572 4210 5459; baseline 0 0"><span class='ocrx_word' id='word_1_346' title='bbox 4206 3572 4210 5459; x_wconf 95' lang='lat' dir='ltr'><strong> </strong></span> 
     </span>
    </p>
   </div>
  </div>
 </body>
</html>
