4242 5459
849 583 994 663 356

1920 554 2920 637 TREBONIANVS.

836 771 995 834 trib.
1038 764 1382 856 p'otessatis
1410 814 1429 838 .
1481 762 1772 847 utsaepe
1806 762 1980 825 alias
2012 759 2147 824 hoc
2184 782 2363 826 aevo
2452 781 2543 824 no
2584 775 2887 827 armatus
2921 762 3195 828 Italiam
3232 764 3458 831 intrat.
3531 768 3641 848 (V.
3690 765 3877 835 infra
3918 774 3988 836 in

838 866 1097 931 factum
1127 914 1147 943 ,
1201 863 1464 951 patebit
1520 881 1607 923 ex
1640 859 1764 937 iio,
1794 879 1994 943 quae
2032 857 2216 923 infra
2245 858 2366 923 sub
2445 858 2603 922 trib.
2642 856 2922 946 potest.)
3153 882 3160 885 ·
3251 868 3260 877 ·
3317 878 3330 888 ·

834 963 971 1028 hoo
1004 965 1208 1053 titulo
1238 963 1621 1083 -dicenturz
1656 994 1665 1005 =

1124 1158 1317 1224 IMP.
1338 1110 1715 1219 GRLLvs.
1750 1106 1958 1236 live.
1988 1148 2176 1218 IMP.
2204 1152 2359 1216 vo-

1126 1248 1596 1319 LVSIANVS.
1661 1245 1871 1312 AvG.
1962 1248 2191 1331 Capita
2247 1248 2357 1315 ad.

1122 1351 1301 1437 versa
1338 1349 1627 1413 laureata
1653 1347 1870 1429 patris
1910 1351 1969 1407 et
1981 1342 2135 1431 filii.

828 1451 1198 1525 PONTIF.
1266 1448 1491 1512 MAX.
1552 1441 1621 1504 T
1623 1441 1705 1513 R.
1747 1442 1830 1506 Ρ.
1878 1440 1967 1503 Π.
2023 1438 2219 1505 COS.
2260 1440 2351 1505 11.

825 1558 982 1643 Dflo
1035 1554 1223 1636 impp.
1265 1545 1335 1608 in
1393 1540 1730 1629 quadrigis·
1780 1535 2264 1622 triumphalibus
2310 1558 2354 1602 a

835 1650 1148 1723 Victoriis
1186 1659 1348 1728 pone
1363 1636 1683 1726 stantibus
1730 1644 2116 1700 coronantur
2167 1638 2349 1702 comi.

824 1747 1115 1820 tontibus
1143 1756 1399 1809 currum
1443 1733 1899 1823 praetorianis.
1939 1733 2077 1796 ΛΕ).
2123 1753 2214 1802 m.
2259 1752 2350 1797 m.

824 1836 1225 1938 (Banduri.)
1798 1927 1813 1942 ο
1943 1927 1960 1943 ο

921 1941 1207 2008 Videtur
1244 1934 1379 1999 hoc
1425 1948 1632 1995 numo
1673 1927 1963 1994 indicari
2028 1925 2351 2012 superbus

819 2042 1315 2127 imperatorum
1357 2030 1427 2093 in
1484 2025 1724 2090 urbem
1786 2024 2101 2111 ingress'us
2162 2024 2353 2089 velut

817 2148 1026 2226 parta
1060 2152 1182 2220 per
1220 2127 1547 2195 victoriae
1592 2142 1804 2208 pace,
1878 2122 2066 2206 quod
2120 2134 2188 2185 et
2241 2122 2351 2185 in-

818 2234 971 2301 nuit
1004 2227 1341 2295 Zofimus:
1395 2223 1525 2290 His
1550 2219 1738 2286 rebus
1784 2221 1853 2283 in
1902 2218 2073 2285 huuc
2102 2218 2352 2285 modum

812 2332 1002 2419 gestis
1014 2328 1281 2395 Romam
1315 2320 1528 2389 Gades
1546 2320 1736 2395 venit,
1785 2336 2054 2401 magnos
2091 2313 2169 2382 ob
2202 2336 2349 2383 con-

798 2430 1090 2521 stitutam
1105 2443 1237 2489 cum
1254 2418 1555 2488 barbaris
1581 2434 1793 2501 pacem
1801 2415 2077 2503 spiritus
2098 2432 2350 2498 germ.

816 2520 1209 2611 Epigraphe
1281 2513 1559 2584 aversae
1633 2512 1727 2575 ad
1804 2530 2009 2575 unum
2074 2522 2348 2598 patrem

814 2620 1133 2711 pertinet.

1570 2703 1604 2737 ss

1112 2807 1349 2876 Eam
1390 2761 1668 2890 zama.
1752 2754 1786 2788 '⁵

813 2900 1182 2974 PONTIF.
1219 2900 1445 2965 MAX.
1478 2899 1626 2962 TR.
1649 2897 1725 2959 P.
1757 2898 1836 2962 11.
1869 2894 2061 2961 COS.
2094 2893 2180 2961 11.
2197 2893 2345 2957 ET.

814 3002 1011 3069 COS.
1067 2999 1241 3065 Idem
1268 3005 1478 3082 typus.
1533 2993 1672 3058 AE.
1713 3011 1805 3055 m.
1844 3011 1935 3056 m.
1972 2989 2181 3078 (Mus.
2232 2990 2347 3054 Al-

812 3096 1187 3262 ba{Phoc
1260 3206 1470 3255 numo
1534 3196 1775 3274 agetur
1838 3182 2176 3272 prolixius
2226 3181 2343 3247 sub

808 3292 1209 3366 Volusiano.

1115 3384 1336 3458 Vtut.
1372 3382 1437 3451 C.

804 3490 1110 3559 VOTIS.
1152 3475 1876 3551 DECENNALIBVS.
1944 3477 2123 3543 intro
2165 3498 2341 3544 coro·

802 3612 972 3659 mm.
1026 3586 1175 3653 Aa.
1218 3580 1354 3649 ΑΕ.
1398 3578 1458 3645 1.
1499 3576 1592 3645 11.
1644 3575 1857 3655 (Mun-
1896 3571 2123 3658 caer.)

1155 3774 1241 3843 V.
1287 3773 1355 3840 C.
1392 3774 1575 3842 1006.
1612 3768 1695 3834 Ρ.
1734 3768 1823 3835 X.
1858 3789 2000 3852 253.

931 3873 1067 3940 ΤΚ.
1104 3874 1186 3937 P.
1227 3871 1374 3936 III.
1415 3868 1596 3935 COS.
1630 3865 1735 3932 ΙΙ.
1767 3869 1853 3932 P.
1891 3864 1988 3929 M.
2029 3864 2105 3930 P.
2139 3865 2221 3930 P.

804 3969 880 4039 C.
933 3969 1086 4038 Vib.
1127 3954 1458 4057 Volusiano
1494 3963 1676 4049 Aug.
1718 3960 1822 4026 II.
1851 4008 1871 4041 ,
1925 3959 2026 4027 M.
2074 3960 2334 4027 Valerio

1392 4062 1591 4132 Max.
1642 4058 1753 4146 coſs

908 4257 1332 4329 Aemilianus
1374 4253 1441 4314 in
1491 4248 1741 4315 Moesia
1798 4250 2177 4336 imperator
2220 4250 2337 4313 ad-

806 4363 1173 4429 ·clamatur.
1232 4350 1389 4434 Ejus
1420 4346 1598 4411 bello
1630 4346 2071 4429 persequendi
2098 4344 2335 4408 curam

811 4455 1289 4524 Trebonianus
1318 4444 1687 4513 Valeriano
1722 4443 2038 4516 mandat,
2092 4441 2209 4522 qui
2249 4460 2340 4502 ex

814 4552 1045 4620 Gallia
1104 4562 1171 4612 et
1232 4542 1605 4610 Germania
1659 4537 1908 4601 milites
1976 4535 2336 4604 contrahit.

804 4648 1175 4717 Praevenit
1208 4639 1632 4711 Aemilianus
1657 4682 1680 4717 ,
1731 4634 1848 4719 qui
1889 4642 2178 4698 exeunte
2217 4650 2337 4713 anf

3371 1054 3403 1090 n

2741 1114 2837 1182 Vt
2867 1114 2962 1181 lit.
3003 1052 3073 1183 ἓ.

2435 1247 2515 1316 Ρ.
2549 1249 2648 1312 Μ.
2691 1250 2840 1314 TR.
2880 1252 2957 1315 Ρ.
2994 1253 3116 1319 111.
3152 1251 3345 1321 COS.
3383 1255 3468 1322 Π.
3517 1254 3591 1321 P.
3632 1259 3734 1323 Ρ.·
3763 1260 3835 1325 S.
3887 1261 3972 1328 C.

2436 1346 2811 1429 imperator·
2829 1348 3071 1415 velatus
3090 1353 3273 1439 stains
3307 1354 3396 1417 od
3421 1375 3603 1420 aram
3617 1359 3970 1446 fiacr-ficar.

2432 1442 2580 1510 AE.
2621 1448 2669 1507 1.
2721 1445 3106 1528 (Banduri.)
3158 1453 3568 1534 Argenteum
3623 1474 3777 1517 cum
3836 1476 3966 1519 ea-

2433 1536 2592 1601 dem
2634 1541 2873 1606 aversa
2914 1546 3157 1610 recitat
3195 1546 3714 1615 Mediobarbus.

2751 1735 2838 1803 V.
2887 1737 2957 1803 C.
2991 1760 3177 1825 ¹⁰⁰7·
3221 1742 3297 1804 Ρ.
3341 1741 3432 1805 Χ.
3471 1764 3625 1828 254.

2556 1830 2690 1896 ΤΚ.
2719 1828 2810 1899 P.
2851 1836 2987 1902 IV.
3026 1837 3204 1903 COS.
3249 1838 3338 1902 II.
3371 1839 3456 1905 P.
3492 1842 3593 1904 M.
3632 1840 3710 1905 Ρ.
3754 1841 3840 1915 P.

2487 1926 2830 1996 Valeriano
2862 1932 3047 2020 Aug.
3081 1935 3184 2000 ΙΙ.
3209 1983 3230 2014 ,
3285 1934 3557 2001 (ἶαᾶἰηισ
3582 1937 3765 2024 Aug.
3794 1942 3914 2028 cos:

2525 2122 2594 2185 T
2595 2122 3003 2190 rebonianus
3066 2128 3454 2193 Aemiliano
3517 2130 3800 2196 obviam
3875 2155 3972 2199 ex

2429 2217 2597 2283 urbe
2640 2223 3015 2306 progress'us
3041 2243 3083 2286 a
3122 2228 3416 2310 propriis
3451 2228 3804 2307 militibus-3
3844 2233 3967 2312 qui

2429 2314 2784 2381 success'um
2828 2319 3315 2405 desperabant,
3368 2344 3503 2387 una
3548 2344 3702 2388 cum
3750 2326 3966 2390 Volu-

2429 2411 2612 2477 iiano
2664 2418 2848 2502 apud
2899 2417 3357 2483 Interamnam
3392 2421 3727 2485 occiditur
3768 2435 3965 2487 aeta-

2428 2509 2512 2570 tis
2557 2530 2738 2575 anno
2782 2514 3057 2577 XLVII.
3110 2516 3383 2601 (Victor
3413 2517 3639 2601 alter.)

2523 2606 2633 2668 Ad
2672 2609 2813 2686 ejus
2857 2608 3132 2674 laudem
3166 2613 3283 2676 vix
3337 2615 3708 2699 quidquam
3751 2636 3797 2678 a
3840 2636 3961 2682 ve·

2427 2700 2683 2764 teribus
2724 2718 3177 2770 memoratum
3198 2713 3460 2794 reperio
3482 2758 3501 2789 ,
3554 2712 3850 2775 dedecus
3870 2734 3960 2777 ex

2426 2806 2776 2863 transacta
2806 2803 2988 2886 turpi
3021 2823 3173 2867 cum
3231 2804 3478 2881 Gothis
3529 2826 3741 2892 pace,
3806 2821 3956 2872 tum

2429 2904 2495 2957 et
2524 2897 2803 2979 ignavia
2844 2900 3028 2962 vitae
3075 2900 3418 2977 obiectant
3452 2922 3708 2969 omnes.

2523 2992 2718 3055 onr
2756 2995 3095 3059 nonnullis
3138 3001 3401 3064 credita
3457 2999 3780 3066 Cornelia
3837 3002 3960 3068 Su·

2423 3106 2633 3172 pera,
2684 3090 2796 3153 sed
2842 3112 3045 3178 quam
3085 3096 3308 3159 verius
3336 3096 3720 3161 Aemiliano
3760 3098 3958 3163 fuiss'e

2424 3187 2901 3266 conjunctam,
2972 3192 3040 3251 in
3094 3190 3226 3255 hoc
3270 3193 3564 3277 probare
3618 3195 3957 3260 conabor.

2419 3279 2512 3347 Ei.
2534 3282 2759 3346 adhuc
2802 3286 3076 3370 privato
3099 3301 3386 3371 nuptam
3418 3288 3607 3352 fuiss'e
3642 3290 3956 3377 Afiniom,

2418 3388 2684 3443 tantum
2725 3400 2860 3443 non
2908 3382 3315 3447 demonstrat
3351 3386 3551 3472 lapis,
3606 3407 3812 3470 quem
3850 3392 3954 3452 in·

2393 3471 2532 3543 Afra
2567 3477 2637 3540 in
2677 3478 3066 3542 nominibus
3111 3481 3457 3547 Volusiani
3493 3485 3905 3571 producam.

2983 3668 3014 3701 ,ι

2719 3748 2942 3826 Vidit.
2985 3753 3053 3820 C.

2329 3938 2333 3941 v
2417 3895 2494 3960 P.
2530 3895 2629 3961 M.
2661 3889 2948 3985 Tar„
2978 3890 3131 3960 1111.
3177 3889 3368 3957 cos,
3419 3878 3504 3961 n.
3551 3895 3624 3959 P.
3653 3896 3727 3960 P.
3775 3896 3844 3961 s,
3877 3898 3968 3963 e.

2427 3992 2556 4058 Vir
2601 4002 2865 4077 togatus
2884 3989 3066 4071 stans
3109 3989 3171 4055 d.
3221 4011 3464 4057 ramum
3487 4041 3506 4069 ‚
3540 3990 3602 4079 s.
3664 4014 3971 4077 pao-azo-

2414 4093 2609 4154 nium.
2663 4089 2736 4151 In
2771 4085 2962 4152 aliis:
3017 4089 3380 4172 Imperator
3411 4087 3498 4153 ad
3537 4108 3724 4155 aram
3746 4091 3970 4177 sacri·

2401 4187 2628 4275 ficans.
2678 4184 2814 4247 AE.
2855 4181 2904 4244 Ι.
2957 4179 3171 4279 (Mus.
3213 4182 3435 4267 caer.)
3499 4185 3644 4250 AE.
3710 4209 3811 4255 m.
3861 4211 3968 4255 m.

2415 4279 2774 4375 (Banduri.
2791 4283 2817 4359 )

2518 4434 2625 4495 De
2663 4434 2883 4496 nurnis
2934 4431 3016 4498 fic
3061 4433 3428 4519 inscripti8‚
3480 4445 3718 4497 vetere
3777 4436 4004 4504 inter*

2420 4530 2721 4594 eruditos
2773 4532 3241 4616 disputationis
3269 4542 3670 4614 argumento
3703 4548 3975 4618 agetur

2420 4647 2506 4697 ex
2554 4626 2900 4715 proposito
2944 4625 3124 4693 infra
3160 4622 3463 4693 sub‘trib.
3513 4624 3889 4712 potestate.
