4242 5459
893 564 928 606 ’1
943 554 1035 617 80

859 733 1356 807 ,VICTOR1A.
1440 733 1940 815 PARTHICA.
2007 735 2405 798 MAXIMA.

897 829 1190 895 Victoria
1212 830 1540 914 gradiens.
1600 832 1739 893 AV.
1793 831 1999 913 (Mus.
2039 826 2263 910 Caes.)

985 926 1247 986 Numus
1291 927 1723 1010 perelegans,
1789 937 1858 987 et
1904 940 2183 1011 propter
2236 924 2410 987 inso-

885 1020 1135 1082 lentem
1175 1019 1499 1083 hactenus
1525 1023 1792 1082 anticae
1822 1020 2237 1107 epigraphen
2272 1020 2407 1104 spe·

886 1113 1177 1179 ctabilis.
1231 1115 1544 1199 Signatus
1581 1113 1665 1177 est
1702 1115 1870 1194 hoc,
1943 1128 2060 1179 aut
2094 1116 2409 1199 sequente

886 1227 1108 1281 ann03
1176 1228 1311 1271 non
1337 1212 1519 1294 prius
1563 1224 1842 1295 propter
1877 1213 2290 1275 mentionem
2326 1210 2402 1271 ti·

885 1304 1008 1366 tuli
1061 1304 1218 1380 ΡΠ,
1268 1324 1403 1366 non
1445 1304 1684 1383 seriuS,
1737 1306 1898 1390 quia
1938 1306 2260 1388 deinceps
2306 1324 2404 1367 re·

885 1418 1034 1489 rum
1081 1399 1547 1463 Parthicarum
1589 1402 1846 1466 mentio
1881 1395 1972 1465 ‘in
2021 1404 2248 1465 numis
2294 1419 2409 1463 ne—

886 1495 1112 1578 glecta
1147 1491 1265 1558 est.

1257 1685 1342 1752 V.
1372 1687 1437 1751 C.
1475 1708 1614 1771 955.
1668 1691 1742 1754 Ρ.
1785 1689 1868 1753 Χ.
1911 1709 2062 1753 202.

893 1781 1028 1848 ΤΗ.
1071 1783 1153 1848 Ρ.
1183 1781 1270 1845 Χ.
1310 1783 1488 1849 COS.
1516 1785 1659 1851 III.
1702 1786 1776 1849 P.
1821 1787 1917 1850 M.
1947 1785 2020 1849 P.
2048 1782 2126 1849 P.
2156 1780 2404 1846 PIVS.

930 1877 1165 1944 Severo
1186 1878 1371 1964 Aug.
1395 1927 1413 1957 ,
1462 1879 1569 1952 M.-
1605 1880 1826 1946 Aurei.
1871 1880 2200 1946 Antonino
2241 1876 2355 1964 cos.

977 2070 1421 2134 Consulatum
1483 2071 1607 2136 111.
1668 2090 1828 2133 cum
1889 2065 2256 2133 Caracalla
2316 2067 2405 2129 dn

885 2167 1092 2251 Syria
1146 2168 1293 2233 init.
1324 2162 1395 2246 ³)
1460 2165 1829 2240 Arabiam,
1897 2161 2402 2239 Palaestinam,

883 2268 1272 2348 Aegyptum
1306 2263 1495 2339 adit,
1548 2260 2000 2345 omnibusque
2036 2260 2133 2323 ibi
2185 2258 2405 2342 perlu-

887 2358 1102 2423 stratis
1140 2360 1433 2422 Romam
1492 2359 1889 2443 revertitur,
1942 2368 2108 2420 vota
2161 2354 2402 2416 decen-

747 2482 762 2491 ·
884 2453 1071 2517 nalia
1119 2452 1360 2531 solvit,
1427 2451 1818 2537 suscipitque
1872 2452 2133 2537 alter-a,
2194 2447 2405 2512 Cara-

885 2547 1135 2681 callqm
1172 2569 1335 2614 cum
1379 2547 1702 2611 Plautissa
1761 2547 2206 2612 matrimonio
2256 2532 2403 2628 jun·

797 2720 806 2729 Ἀ
929 2644 1002 2709 it.
1073 2651 1099 2722 J

886 2663 925 2729 g
977 2741 1402 2826 Magnopere
1437 2739 1815 2802 dissentiunt
1841 2733 2128 2809 eruditi,
2181 2744 2403 2795 utrum

870 2835 1174 2899 «severus
1208 2833 1345 2895 hoc
1374 2854 1551 2895 anno
1582 2882 1601 2913 ,
1649 2845 1872 2893 utrum
1913 2830 2223 2909 sequente
2266 2830 2405 2891 Ro-

884 2947 1072 2993 mam
1112 2926 1327 2989 redux
1373 2946 1459 2987 ex
1502 2928 1780 2989 Oriente
1843 2925 2239 2998 advenerit,
2292 2943 2407 2986 ea·

880 3041 1014 3108 que
1058 3020 1316 3095 omnia,
1370 3038 1544 3100 quae
1583 3020 1751 3095 dixi,
1806 3019 2163 3103 peregerit.
2210 3012 2402 3082 'Vtri-

882 3136 1096 3202 usque
1143 3116 1503 3179 sententiae
1551 3116 1828 3201 patroni
1866 3132 2110 3177 numos
2162 3115 2399 3197 suppe-

880 3215 1014 3277 tias
1031 3223 1288 3276 vocant
1310 3210 1658 3295 inleriptos
1680 3232 1697 3278 ς
1719 3207 2413 3275 ADVENT.AVGG.·

883 3321 953 3373 ct
1015 3307 1236 3373 VOT.
1296 3306 1535 3370 SVSC.
1574 3305 1819 3381 mic„
1874 3306 1982 3369 sed
2041 3304 2399 3378 incass'um3

881 3420 1042 3469 nam
1080 3402 1235 3469 trib.
1274 3400 1568 3489 potestas
1607 3404 1714 3477 X„
1770 3421 1972 3484 quam
2013 3399 2399 3485 inscriptam

878 3502 950 3566 hi
990 3499 1549 3577 numiexhibent,
1596 3497 1951 3573 fecundum
1976 3495 2431 3583 eorumipso-,

881 3618 1027 3662 rum
1071 3597 1463 3662 sementiam
1518 3596 1695 3679 parti
1743 3593 2068 3675 sequentis
2096 3593 2253 3654 anni
2289 3612 2400 3655 co·

879 3693 1164 3769 incidit,
1217 3705 1285 3754 et
1320 3692 1503 3773 quod
1554 3690 1881 3771 sequitur,
1946 3699 2218 3771 tempus
2257 3708 2398 3750 cer·

881 3798 1024 3849 tum
1064 3787 1206 3848 erui
1244 3806 1328 3848 ex
1367 3785 1498 3846 illis
1542 3786 1790 3866 nequit.
1861 3784 2054 3845 Enim
2094 3802 2258 3846 vero
2289 3785 2398 3847 xi-

884 3880 1177 3968 philinus
1239 3899 1332 3943 cx
1395 3880 1615 3942 Dione
1645 3880 1921 3963 nuptias
1953 3877 2397 3953 Caracallae,

883 3989 951 4040 et
1010 3974 1387 4060 spectacula
1454 3994 1604 4036 cum
1667 3985 1946 4060 propter
2000 3974 2399 4037 decennium

877 4071 1338 4158 principatus,
1390 4082 1532 4132 tum
1601 4081 1878 4154 propter
1925 4071 2216 4131 reditum
2268 4074 2395 4132 Au·

880 4165 1214 4253 gustornm
1254 4164 1495 4227 eodem
1538 4175 1845 4248 tempore
1894 4163 2240 4227 celebrata
2292 4184 2395 4225 re-

881 4261 1018 4327 fert
1049 4263 1362 4348 quidem,
1415 4258 1523 4323 sed
1565 4280 1815 4323 annum
1857 4259 2114 4323 reticet.
2139 4257 2200 4341 ⁶)
2252 4259 2395 4325 Tit-

879 4426 3068 4460 ffl-

1724 4495 1785 4564 bl
1835 4494 1950 4548 nio
1986 4495 2050 4549 1..
2090 4496 2357 4551 Lxxvt.
2400 4515 2445 4550 ι.

949 4499 1220 4571 ὠδριιῑ.
1258 4515 1429 4566 c.17.

877 4566 982 4621 Ser
989 4585 1102 4621 erm

1591 572 1618 608 ι
1663 535 1739 608 L
1840 533 2562 612 SEPTIMIVS
2604 587 2616 595 -
2664 526 3286 615 SEVERVS.

2483 736 2842 799 lemontius
2880 757 3059 799 anno
3095 738 3402 820 sequente
3438 735 3723 815 Romam
3760 754 3957 800 rever-

2484 831 2625 893 sum
2664 829 2921 908 statuit,
2975 834 3297 916 quoniam
3356 831 3486 894 hoc
3535 832 3747 896 adhuc
3801 851 3952 894 anno

2487 926 2554 988 in
2589 926 2793 1008 Syria
2833 925 2982 1003 fuit,
3037 929 3219 1008 quod
3276 934 3529 989 certum
3571 925 3656 989 est
3708 948 3787 990 ex
3817 927 3961 988 inito

2484 1021 2553 1083 in
2588 1021 2719 1083 hac
2757 1022 3149 1096 consulatu,
3198 1035 3340 1086 tum
3398 1022 3578 1106 quod
3630 1021 3753 1091 hoc
3790 1041 3959 1106 prae-

2484 1128 2674 1178 terea
2709 1136 2887 1179 anno
2917 1113 3291 1199 Arabiam,
3348 1114 3820 1192 Palaestinam,
3861 1120 3962 1178 Ae·

2482 1222 2808 1296 gyptum,
2858 1211 3287 1274 Thebaidem
3331 1211 3532 1274 rebus
3564 1211 3852 1273 omnibus
3878 1222 3967 1271 at-

2483 1316 2663 1369 tente
2714 1306 3026 1391 inspectis
3064 1321 3460 1391 peragratus
3518 1305 3641 1383 est,
3714 1306 3966 1389 denique

2481 1419 2619 1463 non
2660 1400 2896 1463 itinere
2938 1402 3280 1464 maritimo
3317 1448 3336 1478 ,
3391 1402 3505 1465 sed
3544 1399 3815 1465 'terrestri
3866 1417 3967 1483 per

2486 1493 3044 1581 Cappadociam,
3136 1497 3576 1581 Bithyniam,
3658 1495 3966 1579 Illyricum

2482 1592 2781 1655 Romam
2841 1593 3134 1669 redivit,
3203 1613 3379 1676 quae
3432 1594 3704 1675 quidem
3766 1590 3966 1653 omnia

2482 1685 2635 1771 plus
2660 1705 2887 1749 annuo
2909 1687 3121 1770 spatio
3163 1690 3458 1774 exigunt.
3489 1679 3661 1769 ⁶¹)'At
3684 1706 3832 1749 vero
3850 1698 3966 1748 ter-

2480 1779 2681 1844 restre
2713 1781 2878 1844 illud
2927 1783 3093 1860 iter,
3164 1785 3349 1867 quod
3403 1785 3517 1846 vir
3573 1784 3853 1844 eruditus
3895 1797 3968 1841 ex

2483 1876 2694 1939 dubio
2734 1877 2979 1940 Dionis
3004 1877 3207 1953 loco,
3261 1891 3467 1961 atque
3518 1879 3728 1965 altero
3776 1876 3968 1939 Hero-

2484 1972 2724 2052 diani,
2774 1968 3228 2036 manifestione
3276 1974 3596 2055 quidem,
3652 1973 3756 2035 sed
3798 1986 3969 2053 quem

2483 2068 2704 2131 minus
2743 2079 2891 2131 tuto
2931 2068 3000 2130 in
3043 2069 3354 2131 omnibus
3406 2067 3724 2151 sequare,
3773 2064 3965 2139 eruit.

2483 2163 2783 2226 nondum
2836 2162 2995 2226 satis
3038 2176 3341 2239 certum,
3412 2164 3580 2246 quin
3636 2162 3817 2226 fuiss'e
3852 2177 3967 2223 ma-

2480 2259 2780 2321 ritimum
2820 2260 3091 2342 potius,
3142 2257 3483 2323 luculente
3525 2261 3828 2321 evincunt
3868 2273 3964 2317 nu·

2484 2354 2575 2416 mi
2624 2353 3027 2417 caracallae
3064 2353 3415 2432 inscripti:
3494 2352 3854 2418 ADVENT
3860 2348 3963 2411 VS

2484 2447 2798 2525 AvGG„
2849 2467 3019 2532 quos
3069 2448 3513 2513 recitabimus
3573 2451 3641 2513 in
3686 2442 3968 2512 Caracal.

2480 2543 2550 2605 la
2573 2544 2662 2605 ad
2687 2563 2942 2608 annum
2967 2544 3404 2629 praesentem.
3466 2546 3768 2629 Cumque
3804 2559 3969 2626 prae·

2484 2649 2670 2701 terea
2709 2640 2794 2702 de
2830 2639 3210 2702 incredibili
3271 2639 3515 2705 Severi
3557 2643 3625 2704 in
3677 2633 3973 2704 faciendis

2482 2732 2832 2796 itineribus
2864 2734 3233 2797 velocitate
3272 2734 3576 2815 constet,
3627 2734 3825 2799 facile
3851 2728 3979 2794 fieri

2426 2838 2445 2846 ·
2476 2839 2778 2911 poterat,
2809 2841 2881 2891 ut
2906 2826 3048 2912 poll
3083 2828 3429 2899 Kalendas
3456 2834 3601 2897 Ian.
3630 2831 3783 2896 anni
3808 2844 3972 2913 prae·

2481 2923 2718 3007 sentis,
2769 2924 3011 3007 quibus
3062 2927 3482 2990 consulatum
3523 2928 3645 2993 111.
3688 2927 3761 2989 in
3803 2922 3977 3007 Syria

2481 3018 2722 3095 inivit,
2769 3016 3219 3083 Palaestinam
3244 3033 3312 3084 et
3346 3026 3738 3109 Aegyptum
3758 3016 3976 3084 invise

2479 3126 2624 3190 net,
2677 3127 2746 3176 et
2786 3126 3085 3177 exeunte
3120 3129 3449 3180 autumno
3500 3122 3569 3183 in
3610 3118 3773 3182 urbe
3817 3108 3978 3178 ades·

2478 3208 2615 3286 set,
2667 3222 2871 3295 atque
2904 3209 3035 3272 hoc
3070 3211 3295 3274 adhuc
3324 3232 3509 3277 anno
3546 3213 3813 3297 nuptias
3846 3207 3976 3281 filii,

2480 3304 2751 3388 aliaque
2789 3305 3086 3368 solennia
3127 3319 3381 3390 ageret.
3474 3305 3720 3373 Paucis
3759 3319 3829 3370 ut
3859 3319 3980 3368 rem

2480 3398 2878 3489 absolvam,
2953 3420 3103 3463 cnm
3158 3402 3681 3472 tribunatusx.
3731 3396 3979 3474 Severi,

2481 3507 2548 3558 et
2604 3498 2685 3561 V.
2757 3493 3210 3573 Caracallae,
3277 3497 3393 3578 qui
3441 3499 3552 3563 his
3612 3500 3982 3572 Adventus,

2480 3591 2913 3676 Nuptiarum,
2967 3601 3032 3652 et
3070 3591 3404 3654 Votorum
3449 3595 3676 3659 numis
3711 3586 3982 3674 inscripti

2478 3687 2660 3763 sunt,
2715 3706 3143 3770 nequaquam
3188 3686 3255 3749 in
3306 3688 3693 3770 sequentem
3758 3690 3818 3753 se
3882 3703 3982 3747 an·

2480 3803 2634 3844 num
2681 3783 3053 3868 porrigant,
3108 3773 3181 3844 ut
3216 3783 3619 3851 docebimus
3652 3790 3719 3849 in
3752 3793 3979 3848 tracta·

2479 3890 2547 3940 tu
2586 3880 2669 3940 de
2704 3878 2855 3942 trib.
2895 3876 3258 3961 potestate,
3314 3893 3573 3944 certum
3604 3884 3809 3946 etiam
3846 3876 3986 3941 inde

2476 3972 2587 4046 fit,
2642 3985 2709 4035 et
2758 3973 3081 4035 Severum
3119 3973 3249 4035 hoc
3298 3974 3786 4060 adhuclannm
3836 3972 3985 4037 etin

2477 4067 2819 4130 tribunatu
2876 4070 2956 4130 X.
3009 4068 3360 4155 ingress'um
3416 4069 3614 4135 fuisse
3663 4074 3985 4142 Romam,

2479 4176 2547 4224 et
2585 4161 2995 4227 Caracallae
3034 4165 3306 4247 nuptias
3353 4166 3744 4231 celebrass’e.

3230 4260 3259 4290 Β

3820 4423 3987 4448 -0

2724 4498 2783 4559 c)
2843 4497 2904 4550 L.
2939 4496 3161 4553 xxm.
3202 4519 3249 4561 ι.
3532 4497 3597 4565 d>
3658 4499 3809 4552 Nota
3845 4497 3989 4566 2411·
