4242 5459
816 586 906 646 66

789 791 1084 836 -morum
1123 789 1288 856 prae
1337 770 1399 833 se
1447 771 1599 836 tulit
1650 770 2042 857 singularem
2070 818 2090 843 ‚
2133 752 2351 833 'amo-

820 888 963 930 rem
985 888 1148 930 vero
1177 888 1218 929 a
1249 887 1462 951 puero
1498 869 1587 930 ad
1620 868 1851 929 severa
1879 866 2350 952 philosophiae

766 1021 775 1032 ,
822 962 1035 1026 studia
1074 961 1565 1038 incredibilem,
1621 963 1704 1025 sic
1736 975 1809 1023 ut
1831 963 2192 1025 duodecim
2232 981 2346 1022 an·

822 1076 948 1122 nos
1008 1069 1206 1119 natus
1272 1055 1656 1140 philosophi
1729 1057 2039 1120 habitum
2113 1057 2346 1140 palam

829 1150 1247 1226 adsumeret,
1334 1162 1401 1211 et
1478 1152 1796 1237 deinceps
1860 1155 1926 1216 in
1997 1151 2351 1214 tradendis

828 1265 1093 1309 morum
1150 1248 1572 1331 praecepti3‚
1627 1268 1805 1331 quae
1850 1246 1984 1331 ipse
2042 1245 2346 1331 pluribus

828 1339 1020 1404 libris
1069 1340 1412 1424 hodieque
1457 1340 1908 1426 superstitibus
1945 1340 2346 1427 complexus

829 1433 953 1512 est,
1003 1447 1146 1496 tum
1183 1455 1389 1513 vero,
1445 1439 1625 1520 quod
1660 1439 1952 1521 amplius
2008 1435 2135 1513 est,
2203 1437 2352 1498 vita

824 1531 1188 1593 secundum
1286 1551 1369 1594 ea
1461 1532 1863 1597 sanctissime
1951 1530 2350 1595 instituenda

827 1628 1048 1689 omnis
1090 1627 1336 1689 aetatis
1380 1626 1747 1712 sapientiae
1786 1614 2347 1713 magistros'supef

822 1734 1050 1797 raret‚
1104 1721 1321 1785 dictus
1367 1734 1734 1806 propterea
1763 1745 1806 1787 a
1834 1724 2197 1787 Iustiniano
2234 1722 2348 1784 Φι-

824 1818 1312 1896 λοσοφωτατος,
1361 1818 1429 1879 id
1473 1815 1595 1880 est:
1650 1817 1762 1902 (ut
1797 1838 1947 1881 cum
1991 1829 2219 1880 vetere
2251 1817 2348 1879 in-

825 1922 1123 1994 terprete
1164 1908 1440 1993 loquar)
1482 1912 2043 2000 philosoplzissimus
2068 1959 2086 1990 ‚
2139 1911 2198 1994 ⁸)
2237 1931 2349 1974 cu·

821 2008 928 2087 jus
954 2003 1428 2087 testimonium,
1481 2021 1552 2069 ut
1588 2009 1726 2071 alia
1754 2007 2053 2072 abessent
2089 2009 2345 2085 omnia,

806 2099 1423 2190 locupletissimum
1521 2103 1908 2188 suppeditat
2024 2099 2345 2187 epistola,

827 2215 1031 2278 quam
1048 2187 1136 2257 ad
1159 2194 1710 2262 fratremVerurn
1731 2201 1797 2262 in
1825 2197 2168 2262 Orientem
2197 2197 2345 2260 scri·

826 2291 948 2374 psit
1012 2291 1569 2376 conservavitque
1620 2295 1972 2358 Vulcatius
2047 2292 2345 2357 Gallica·

801 2405 991 2463 πως,
1041 2374 1108 2468 ¹³)
1160 2381 1397 2471 paucis
1428 2388 1655 2454 verbis
1688 2389 2121 2476 complexam
2167 2390 2345 2451 seve-

826 2482 1129 2544 rissimae
1180 2485 1448 2546 virtutis
1502 2499 1875 2571 praecepta
1935 2487 2211 2570 omnia,
2277 2496 2346 2547 et

802 2597 963 2662 ,qua
995 2577 1299 2663 perlecta
1351 2577 1680 2644 fatebitur
1715 2583 2045 2664 quisque,
2089 2599 2226 2643 non
2269 2599 2342 2641 a·

825 2673 956 2735 lias
1032 2671 1383 2757 magistrae
1448 2674 1920 2759 philosophiae
1995 2676 2342 2737 alumnum

824 2767 1410 2849 obsequentiorem
1448 2771 1519 2831 in
1553 2768 1970 2852 disciplinam
2007 2766 2195 2830 fuiss'e
2211 2780 2346 2830 tra-

806 2862 1068 2926 ditum.
1166 2865 1258 2924 At
1291 2864 1476 2945 quod
1530 2865 1826 2926 maxime
1860 2866 2190 2926 -Marcum
2223 2882 2349 2924 ve·

824 2974 899 3016 re
950 2956 1428 3039 philosophum
1478 2959 1921 3042 comprobat,
1990 2959 2156 3021 illud
2211 2956 2343 3035 est,

831 3051 1017 3133 quod
1044 3100 1064 3133 ,
1149 3069 1302 3114 cum
1369 3052 1674 3117 Stoicum
1756 3054 1869 3117 ille
1980 3052 2346 3117 institutum

835 3167 973 3209 non
1012 3148 1219 3210 modo
1260 3147 1728 3232 profiteretur,
1784 3150 1890 3212 sed
1946 3163 2011 3213 et
2049 3149 2344 3212 numeris

833 3241 1149 3306 omnibus
1191 3245 1546 3327 impleret,
1596 3247 1732 3331 ipse
1772 3246 2069 3309 diversas
2135 3244 2344 3308 sectas

831 3336 1162 3424 professos
1197 3358 1332 3402 nou
1370 3343 1578 3405 modo
1617 3344 1949 3427 patienter
1973 3341 2202 3423 ferret,
2235 3339 2344 3401 sed

832 3434 1075 3498 eodem
1125 3437 1371 3504 etiarn.
1424 3455 1562 3522 quo
1597 3438 1819 3520 suam,
1871 3438 2026 3501 loco
2075 3446 2349 3522 putaret

820 3545 899 3606 ⁴et
940 3543 1215 3594 ornaret
1251 3551 1563 3616 quoque,
1615 3555 1764 3598 cum
1816 3534 1936 3596 alii
1980 3533 2181 3617 vulgo
2223 3531 2345 3594 ali·

831 3640 937 3696 ter
992 3628 1345 3693 sentientes
1417 3631 1594 3693 odiis
1657 3643 1725 3691 et
1776 3628 1972 3692 bellis
2029 3621 2344 3705 ἀσπονδοις

834 3723 1404 3805 persequerentur.
1508 3726 1784 3788 Etenim'
1827 3724 1985 3803 ille,
2054 3734 2128 3787 ut
2174 3723 2344 3808 sapi·

838 3817 1060 3879 entiae
1086 3812 1365 3879 studium
1391 3831 1852 3904 promoveret,
1906 3817 2168 3904 singulis
2200 3818 2346 3903 phi·

838 3907 1272 3992 Iosophorum
1309 3913 1703 3996 generibus,
1756 3933 1892 3977 non
1935 3915 2142 3977 modo
2170 3915 2344 3978 Stoi·

839 4005 960 4078 cis,
1004 4003 1427 4088 Platonicis,
1453 4008 1950 4092 Peripateticis,
2001 4009 2135 4085 sed,
2162 4009 2347 4093 quod

839 4103 1127 4175 mirere,
1208 4098 1557 4188 Epicureis
1642 4123 1949 4186 quoque,
2034 4103 2350 4168 salarium

820 4194 1142 4278 «locuples
1182 4196 1464 4260 Athenis
1497 4196 1852 4275 constituit,
1902 4199 2037 4274 ita,
2090 4211 2163 4260 ut
2212 4200 2351 4261 uni·

841 4291 1129 4371 cuique,
1177 4295 1291 4373 qui
1325 4297 1740 4373 juventutem
1783 4295 2104 4370 doceret,
2160 4312 2351 4378 prae·

908 4565 972 4628 a)
1004 4562 1143 4616 cod.
1184 4566 1250 4623 L.
1287 4566 1358 4616 v.
1394 4567 1473 4623 tit,
1516 4581 1595 4627 17.
1634 4566 1664 4633 ς
1709 4582 1789 4625 η.

1666 4625 1679 4642 0
1986 4567 2046 4629 b)
2081 4569 2136 4616 in
2177 4571 2289 4620 vita
2327 4569 2512 4624 Avidii
2551 4569 2699 4627 Cast.

819 4645 928 4688 ‚tus
962 4633 1094 4688 vita
1128 4632 1304 4705 δορὴ.
1340 4632 1409 4691 L.
1444 4633 1521 4687 11.
1557 4632 1588 4700 S
1627 4651 1677 4688 s·
1712 4634 1828 4689 Dio
1864 4634 1929 4688 L.
1966 4636 2175 4688 Lxxt.
2213 4638 2265 4707 §,
2303 4657 2391 4709 μ,

1469 569 1590 647 Μ.
1697 569 2389 646 AVRELIVS
2489 568 3320 645 ANTONINVS.

2433 771 2639 832 mium
2677 770 2833 831 esset
2864 759 3169 852 aequale.
3223 768 3279 848 e)
3366 766 3606 852 Neque
3640 787 3807 830 vero
3849 769 3903 831 is
3927 817 3941 832 .

2434 869 2548 949 qui
2600 865 2980 948 tranquillis
3026 862 3493 948 philosophiae
3554 862 3776 926 sludii's
3830 885 3944 947 ap-

2429 963 2647 1045 prime
2701 959 3216 1033 delectabatur,
3267 978 3402 1020 non
3448 960 3656 1021 etiam
3705 960 3793 1020 ad
3840 979 3942 1021 res

2431 1057 2777 1140 agendas»,
2834 1054 2962 1115 sive
3006 1056 3240 1137 pacis,
3293 1053 3423 1116 sive
3473 1054 3633 1117 belli
3671 1055 3944 1137 negotia

2426 1151 2726 1235 specteS,
2782 1149 3170 1232 singularem
3220 1149 3445 1212 attulit
3490 1149 3944 1227 alacritatem,

2429 1259 2634 1331 atque
2680 1246 2888 1308 animi
2944 1245 3151 1307 robur
3200 1242 3631 1326 indefessum,
3695 1256 3763 1306 et
3817 1242 3950 1308 fuit

2431 1342 2809 1405 communis
2884 1341 3294 1424 praeteritae
3366 1340 3610 1403 aetatis
3675 1338 3941 1417 sensuS,

2429 1437 2542 1499 nisi
2568 1438 2654 1500 ad
2676 1437 2796 1500 illa
2826 1448 3142 1519 tempora
3170 1434 3544 1501 reservatus
3564 1433 3792 1514 fuisset·
3815 1440 3944 1498 Au·

2428 1534 2672 1609 relius,
2727 1530 2968 1614 quibus
3023 1531 3227 1594 saeva
3281 1530 3461 1608 lues,
3513 1529 3700 1592 bella
3731 1530 3946 1594 maxi·

2431 1629 2595 1692 mis.
2649 1645 2823 1709 quae
2869 1646 3165 1710 unquam
3203 1624 3439 1701 fuere,
3493 1627 3946 1708 aequiparan-

2431 1723 2569 1799 da,
2621 1721 2889 1798 fama,
2940 1735 3161 1785 terrae
3222 1733 3447 1784 motus
3514 1741 3635 1805 per
3677 1719 3944 1796 Asiam,

2427 1817 2903 1881 inundationes
2955 1815 3338 1893 fluminum,
3392 1816 3663 1900 aliaque
3724 1817 3946 1878 omnis

2428 1915 2688 1998 generis
2736 1909 3014 1974 malain
3069 1914 3335 1996 imperii
3369 1912 3730 1995 perniciem
3787 1930 3945 1973 con·

2424 2012 2777 2090 juravere,
2830 2028 2970 2068 rem
3003 2008 3386 2070 Romanam
3430 2007 3617 2070 velut
3668 2021 3801 2068 uno
3843 2005 3942 2078 la·

2429 2103 2546 2189 psu
2594 2102 2786 2166 fuisl'e
2820 2104 3263 2167 interituram.
3325 2102 3520 2182 Quae
3579 2101 3762 2163 bella
3823 2120 3946 2180 ex-

2427 2212 2656 2275 terna,
2711 2211 2778 2260 et
2820 2209 3074 2281 quanta
3106 2196 3476 2282 felicitate,
3529 2207 3598 2259 et
3647 2195 3950 2257 Rotnani

2427 2295 2722 2358 nominis
2754 2295 2975 2378 gloria
3011 2294 3293 2378 gesserit,
3346 2296 3414 2355 in
3443 2291 3797 2355 annalibus
3826 2309 3945 2351 ex·

2427 2391 2793 2475 posuimus.
2844 2389 3034 2450 Idem
3068 2388 3368 2450 liberalis
3409 2387 3698 2472 publice,
3753 2386 3947 2448 domi

2423 2486 2582 2549 suae
2615 2503 2860 2568 parcus
2886 2530 2907 2559 ,
2960 2495 3163 2566 atque
3205 2504 3285 2545 ne
3322 2483 3723 2545 tributorum
3770 2500 3943 2543 one-

2423 2602 2498 2644 re
2542 2580 2936 2666 provinciae
2971 2580 3532 2663 opprimerentur,
3586 2577 3942 2660 providus,

2428 2678 2545 2759 qui
2577 2677 2645 2738 in
2689 2673 2851 2736 belli
2887 2674 3431 2736 Marcomannici
3483 2672 3816 2755 sumptus,
3865 2683 3946 2732 ut

2427 2770 2689 2833 civibus
2725 2781 3036 2853 parceret
3058 2817 3081 2851 ,
3131 2768 3273 2851 ipsa
3309 2768 3549 2853 palatii
3585 2786 3948 2830 ornamen-

2425 2878 2540 2942 ta,
2591 2866 2844 2950 pocula
2875 2883 3123 2939 aurea,
3176 2860 3596 2944 crystallina,
3650 2860 3948 2924 murrhi-

2426 2982 2556 3037 na,
2606 2958 2854 3022 vestem
2900 2959 3212 3022 uxoriam
3257 2957 3534 3021 sericam
3561 3003 3581 3035 ,
3635 2974 3944 3042 gemmas

2426 3056 2754 3128 vendidit.
2838 3057 2930 3117 At
2961 3054 3147 3117 nulla
3185 3054 3327 3116 alia
3373 3055 3622 3116 virtute
3676 3052 3892 3137 magis
3919 3098 3946 3127 ,

2431 3171 2635 3234 quam
2675 3150 3067 3228 clementia,
3140 3160 3347 3232 atque
3407 3150 3614 3212 animi
3663 3149 3946 3211 lenitate

2428 3247 2887 3333 gloriabatur,
2942 3236 3256 3330 qua'non
3296 3247 3503 3308 modo
3543 3242 3954 3308 suorum-vi—

2428 3343 2566 3420 tia,
2621 3353 2686 3405 et
2713 3341 2937 3404 illatas
2977 3341 3087 3404 sibi
3116 3340 3392 3421 injurias
3428 3341 3614 3402 nullo
3650 3356 3942 3424 poenae,

2432 3450 2553 3501 aut
2601 3437 2947 3501 vindictae
2986 3433 3194 3498 studio
3246 3436 3562 3520 pertulit,
3613 3453 3846 3497 verum
3873 3446 3948 3495 et

2430 3535 2724 3597 externis
2752 3529 3047 3596 hostibus
3069 3579 3090 3608 ,
3141 3542 3345 3614 atque
3381 3532 3464 3593 iis
3497 3549 3790 3613 quoque,
3825 3530 3951 3613 qui

2431 3630 2504 3694 in
2533 3641 2739 3715 caput
2775 3629 2959 3691 suum
2985 3675 3005 3706 ,
3060 3646 3143 3691 ac
3204 3627 3588 3712 sanguinem
3636 3628 3950 3706 conjura-

2433 3746 2618 3804 vere,
2667 3723 2872 3789 facile
2909 3721 3196 3786 indulsit.
3267 3727 3356 3786 At
3396 3724 3572 3786 enim
3604 3734 3744 3786 tum
3770 3736 3940 3803 quo·

2435 3822 2860 3907 qniepatuit,
2915 3822 3233 3883 virtutem
3272 3818 3506 3905 ipsam,
3558 3837 3712 3881 cum
3745 3813 3951 3878 nimis

2438 3917 2716 4003 evagari
2762 3916 3098 4000 patimur,
3175 3908 3258 3976 in‘
3303 3913 3789 3999 opprobrium,
3860 3928 3951 3972 ac

2438 4012 2639 4096 saepe
2681 4012 3050 4095 perniciem
3085 4023 3373 4076 vertere.
3391 4010 3603 4072 „Nam
3645 4007 3832 4092 quod
3866 4004 3954 4070 L.

2439 4109 2692 4167 Verum
2762 4107 3025 4191 pridem
3078 4125 3201 4190 per
3257 4101 3621 4168 domestica
3683 4100 3956 4186 flagitia

2446 4203 2785 4284 cognitum
2817 4247 2836 4280 ,
2882 4201 3084 4285 atque
3125 4221 3209 4263 ea
3264 4212 3544 4285 propter
3592 4198 3682 4261 ab
3734 4200 3954 4260 Anto-

2441 4295 2602 4357 nino
2638 4297 2760 4359 Pio
2792 4297 3157 4384 despicatui
3201 4294 3536 4373 habitum,
3585 4314 3721 4358 non
3740 4293 3959 4355 modo

2880 4576 2946 4642 e)
2998 4575 3229 4629 Lucian.
3266 4570 3632 4633 inEunut-ho,
3670 4567 3974 4624 Philostra-
