4242 5459
813 588 955 648 223

857 764 942 830 V.
1001 760 1065 830 C.
1117 774 1349 849 951-
1379 779 1530 849 957.
1580 754 1658 829 Ρ.
1708 760 1799 830 Χ.
1850 772 2266 845 198—204.

796 916 1190 987 CAESAR.
1243 916 1516 985 PONT.
1578 913 1877 983 PRINC.
1915 912 2314 981 IVVENm

888 1116 1136 1177 Aetate
1183 1106 1398 1172 Getae
1431 1110 1632 1175 rebus
1679 1108 1957 1197 agendis
2011 1106 2310 1171 nondum

785 1221 1064 1273 matura
1115 1206 1281 1270 nihii
1340 1227 1458 1290 per
1503 1209 1630 1270 hos
1669 1227 1884 1271 annos
1931 1217 2312 1269 memoratu

794 1306 1069 1387 dignum
1112 1306 1427 1391 occurrit.
1497 1305 1703 1368 Numi
1755 1306 1932 1365 intra
1977 1300 2109 1363 hoc
2140 1313 2311 1363 tem·

765 1420 919 1483 ‚pus
967 1398 1202 1483 signati
1255 1418 1647 1464 communes
1693 1400 2089 1486 plerumque
2156 1417 2311 1459 cum

791 1496 1024 1559 Severi
1060 1509 1128 1558 et
1150 1494 1550 1565 Caracallae
1571 1497 1786 1559 numis
1805 1508 2008 1579 typos
2031 1491 2310 1572 habent,

773 1611 1082 1677 ,cumque
1115 1594 1198 1655 de
1232 1591 1652 1676 paucissimis
1691 1604 1944 1655 certum
1981 1589 2308 1671 judicium

787 1686 950 1751 ferri
988 1687 1238 1772 possit,
1285 1690 1393 1765 cui
1435 1709 1611 1751 anno
1649 1709 1733 1750 ex
1770 1688 1953 1765 omui
2000 1685 2134 1747 hoc
2173 1684 2309 1768 sep·

787 1786 1021 1845 tennio
1056 1782 1281 1868 singuli
1312 1784 1518 1846 tribui
1580 1783 1911 1861 debeant,
1982 1801 2099 1843 eos
2154 1798 2312 1843 con·

785 1877 1000 1942 fertos
1024 1880 1235 1942 missis
1276 1881 1358 1942 de
1389 1880 1623 1942 ordine
1646 1879 2133 1962 chronologico
2154 1895 2309 1939 con·

779 1975 1056 2057 jecturis
1127 1994 1665 2038 commemorare
1706 1975 1839 2038 hoc
1890 1976 2046 2038 loeo
2097 1971 2305 2035 lubet.

783 2068 1103 2134 Ceterum
1143 2083 1216 2133 ut
1256 2075 1324 2135 in
1359 2069 1720 2135 Caracalla
1745 2118 1763 2148 ‚
1818 2070 1900 2133 fic
1941 2082 2007 2132 et
2038 2071 2107 2132 in
2132 2066 2308 2131 Geta

781 2168 875 2229 ad
917 2168 1412 2252 explorandam
1443 2169 1630 2230 numi
1658 2165 2082 2230 verisimilem
2118 2175 2308 2227 aeta·

781 2273 924 2325 tem
985 2283 1120 2327 non
1181 2284 1422 2350 parum
1484 2262 1832 2327 conserent
1892 2262 2310 2325 lineamenta

782 2357 1011 2424 vultus
1055 2362 1299 2424 aetatis
1332 2360 1744 2446 progreffum
1776 2359 2175 2425 indicantia.

1077 2547 2008 2658 L.sEP''i·1M1vs.‘GETA.
2053 2585 2304 2649 cAES.

1075 2690 1282 2774 Caput
1317 2688 1547 2753 nudum
1586 2692 1653 2751 in
1706 2680 1877 2751 AV.
1901 2683 2054 2748 AR.
2075 2682 2221 2745 ΑΕ.
2248 2683 2303 2743 J.

1073 2783 1151 2850 P.
1194 2783 1698 2847 SEPTIMIVS.
1746 2779 2017 2842 GETA.
2057 2775 2302 2840 CAES.

1071 2878 1276 2962 Caput
1310 2879 1578 2954 nudum,
1629 2882 1698 2942 in
1743 2875 1908 2941 AV.
1951 2872 2106 2938 AR.

778 2963 868 3040 C.
1059 2971 1138 3034 P.
1181 2972 1716 3039 SEPT.GETA.
1753 2968 1996 3033 CAES.
2032 2967 2306 3034 PONT.

1073 3068 1281 3152 Caput
1299 3070 1552 3143 nudant,
1583 3071 1649 3133 in
1670 3067 1836 3134 AV.
1851 3064 2002 3131 AR.
2026 3065 2177 3130 ΑΕ.
2200 3064 2301 3129 II.

773 3158 881 3237 D.
1074 3162 1347 3232 GETA.
1386 3163 1632 3229 CAES.
1668 3161 2040 3227 PONTIF.
2099 3160 2306 3245 caput

1064 3262 1341 3338 nudum,
1386 3266 1455 3325 in
1505 3261 1667 3327 AV.
1711 3260 1863 3326 AR.

771 3348 866 3426 E.
957 3406 962 3415 .
1069 3356 1148 3421 1..
1185 3358 1427 3422 SEPT.
1458 3356 1727 3422 GETA.
1756 3353 2301 3421 CAES.P0NT.

1069 3455 1273 3541 Caput
1308 3452 1540 3520 nudum
1564 3502 1583 3532 ,
1627 3459 1697 3518 in
1732 3455 1801 3520 A
1812 3453 1898 3519 V.
1918 3451 2069 3518 AR.

1521 3551 1551 3584 n

778 2583 882 2661 A.

1342 3605 1371 3638 D

1072 3648 1164 3717 Vt
1209 3646 1300 3714 tit.
1353 3648 1420 3714 C.

771 3744 1266 3811 AETERNIT.
1304 3740 1648 3806 IMPERI.
1722 3738 1946 3824 Capita
2008 3736 2300 3805 laureata

767 3841 989 3909 Severi
1056 3848 1114 3905 et
1169 3838 1519 3905 Caracallae
1557 3838 1629 3923 fi
1674 3837 2078 3921 respicientia.
2148 3836 2298 3901 AR.

769 3936 978 4022 (Mus.
1014 3932 1234 4009 Caes.)

1072 4030 1167 4097 Vt
1200 4029 1291 4093 lit.
1335 4027 1405 4095 C.

769 4125 1331 4197 ANTONINVS.
1375 4120 1872 4189 AvGVSTvS.
1926 4123 2128 4210 Caput
2179 4124 2293 4193 Ca·

764 4223 1032 4295 racaHaae
1051 4224 1418 4289 laureatum.
1471 4220 1547 4283 ln
1581 4219 1774 4282 aliis:
1830 4219 2103 4283 IVLIA.
2146 4224 2293 4284 AV.

2184 551 2565 679 oETA.

2404 777 2575 823 vero
2608 758 2695 824 ad
2730 776 2978 825 annum
3013 758 3098 825 V.
3142 755 3217 829 C.
3253 779 3292 844 9
3298 771 3420 846 54,
3473 776 3608 848 quo
3632 769 3698 829 et
3730 780 3935 852 prae⁴

2400 854 2615 935 septen
2655 853 2871 921 Getae
2913 857 3200 944 signatos
3240 860 3549 945 suspicor.

2702 952 2795 1020 Vt
2829 956 2922 1018 lit.
2962 955 3028 1028 C.

2402 1045 2561 1118 ΒΗ.
2600 1050 2644 1114 P
2653 1051 2927 1115 A.TR11
2979 1050 3271 1118 Hercules
3300 1061 3358 1117 et
3392 1048 3672 1118 Bacchus
3685 1052 3936 1138 stantes

2394 1167 2533 1210 cum
2557 1147 2946 1234 suis-singuli
2968 1149 3319 1214 attributis
3374 1149 3509 1212 AE.
3536 1149 3620 1212 11.
3666 1149 3929 1235 (Beger

2398 1242 2602 1306 Thes.
2642 1243 2754 1305 Br.
2793 1244 2878 1308 Τ
2919 1244 3002 1308 ΙΙ.
3046 1266 3112 1330 p.
3161 1243 3357 1329 705.)

2436 1338 2799 1401 Similem
2835 1342 3142 1404 aversam
3186 1342 3619 1406 recitavimus
3659 1339 3728 1402 in
3783 1288 3920 1404 Ca-

2390 1435 2659 1500 racalla
2695 1435 2785 1498 ad
2822 1454 3075 1500 annum
3116 1441 3209 1504 ·.V
3256 1436 3330 1502 C.
3376 1458 3536 1524 957.

2694 1570 2788 1637 Vt
2813 1570 2908 1636 lit.
2967 1574 3035 1640 C.

2397 1664 3031 1735 LIBERALITAS.
3072 1667 3727 1735 AVGVSTORVM.
3810 1669 3920 1736 Lt-

2395 1762 2699 1828 bes-alitus
2722 1765 2927 1849 stans.
2986 1767 3128 1829 AR.
3189 1764 3397 1850 (Mus.
3440 1764 3659 1845 Caes.)

2493 1861 2600 1921 Ad
2638 1876 3064 1924 communem
3100 1863 3399 1946 aliquam
3435 1862 3918 1925 liberalitatem

2395 1957 2640 2021 domus
2682 1954 3054 2020 Caesareae
3128 1979 3171 2023 a
3235 1971 3428 2045 patre
3507 1960 3926 2044 imperatam

2396 2040 2792 2115 referendus
2833 2073 3098 2120 numus„

2692 2207 2784 2274 Vt
2815 2206 2910 2271 lit.
2981 2210 3062 2276 B.
3104 2217 3161 2272 et
3198 2209 3263 2273 C.
4022 2258 4039 2267 -

2396 2302 2910 2370 NOBILITAS.
2964 2306 3198 2370 Mulier
3222 2304 3402 2392 stans
3438 2304 3503 2371 d.
3542 2303 3820 2392 Iztfiam,
3856 2307 3921 2394 s

2402 2401 2831 2468 Victor-ialam.
2889 2403 3030 2464 AR.
3056 2401 3139 2483 Q.
3179 2402 3318 2463 ΛΕ.
3343 2402 3427 2467 11.
3456 2403 3654 2478 (Mus.
3685 2400 3913 2479 Caes.)

2494 2496 2942 2560 Nobilitatem
2982 2500 3186 2560 etiam
3232 2497 3648 2560 Commodus
3673 2500 3742 2560 in
3768 2518 3913 2559 mo·

2396 2605 2553 2654 neta
2578 2592 2690 2652 sua
2714 2593 3022 2673 jactavit,
3054 2602 3126 2654 u't
3146 2594 3441 2656 vidimus
3459 2595 3549 2654 ad
3569 2613 3816 2655 annum
3837 2596 3925 2660 V.

2397 2686 2471 2751 C.
2512 2704 2696 2772 939,
2748 2686 2857 2748 sed
2895 2687 3313 2751 Commodus
3353 2710 3436 2750 ex
3480 2704 3699 2766 ‚ver-o,
3751 2708 3919 2773 pro-

2392 2796 2633 2865 gnatus
2677 2784 3068 2864 parentibus
3113 2781 3456 2868 Augustis,
3530 2783 3758 2848 Severi
3792 2804 3916 2848 no-

2392 2875 2622 2940 bilitas
2663 2877 2951 2956 intrusa,
3004 2893 3080 2943 ut
3112 2881 3366 2942 dictum
3408 2881 3478 2943 in
3515 2881 3649 2943 hoc
3671 2881 3758 2943 ad
3784 2901 3909 2943 an-

2391 2993 2551 3035 num
2584 2977 2667 3039 V.
2714 2971 2792 3038 C.
2842 2986 3007 3055 948.
3088 2976 3306 3057 Vide,
3363 2994 3541 3059 quae
3596 2976 3909 3041 dicentur

2389 3067 2572 3132 iufra
2611 3070 2699 3132 ad
2736 3070 3003 3134 titulum
3055 3072 3357 3158 CaqariS.

2689 3165 2784 3231 Vt
2817 3167 2911 3230 lit.
2949 3168 3016 3233 C.

2387 3260 2680 3327 PRINC.
2701 3261 3288 3327 IVVENTVTIS.
3312 3264 3518 3329 variis
3539 3265 3724 3351 typis.
3756 3265 3913 3330 AR.

2664 3357 2779 3424 ‘Vt
2829 3361 2921 3423 tit.
2958 3361 3038 3424 B.

2382 3453 2975 3519 SAECVLARIA.
2999 3451 3312 3519 SACRA.
3330 3455 3737 3543 Sacrificium.
3760 3456 3904 3524 ΑΕ.

2385 3570 2572 3616 max,
2618 3553 2800 3616 mod.
2848 3550 3057 3636 (Mus.
3088 3548 3391 3635 Fames.)
3440 3551 3581 3619 ΑΕ.
3610 3553 3697 3616 11.
3742 3552 3918 3637 (Pa-

2383 3649 2482 3710 tiu
2524 3649 2708 3709 numi
2754 3647 3004 3733 1mpp‚)

2479 3743 2684 3806 Numi
2724 3744 2795 3806 hi
2833 3743 2924 3807 ad
2964 3762 3216 3807 annum
3260 3743 3344 3806 V.
3394 3741 3470 3808 C.
3524 3763 3665 3827 957
3698 3741 3909 3827 perti·

2383 3852 2583 3915 nent,
2637 3859 2773 3923 quo
2807 3840 2951 3903 ludi
3000 3840 3374 3904 saeculares
3413 3842 3590 3917 acti,
3643 3841 3727 3903 de
3760 3837 3919 3922 qui·

2382 3935 2508 3998 bus
2553 3935 2710 4000 vide
2747 3937 2946 4022 plura
2993 3939 3060 4001 in
3101 3935 3358 4002 Severo
3402 3939 3496 4002 ad
3540 3936 3718 4000 hune
3773 3953 3913 3999 an-

2380 4050 2568 4101 num.

2684 4127 2780 4194 Vt
2819 4127 2915 4204 lit,
2949 4130 3041 4196 Α.

2382 4221 2723 4289 SEVERI.
2768 4225 2913 4287 PII.
2968 4225 3173 4295 AVG.
3218 4224 3390 4290 Frt..
3487 4225 3915 4299 Instrumenta

770 4320 1098 4386 GVSTA.
1156 4318 1357 4404 Caput
1384 4317 1693 4386 Damnat.
1735 4317 1880 4381 AV.
1906 4317 2049 4379 AR.
2088 4313 2294 4400 (Mus.
2371 4319 2778 4405 pontificalia.
2831 4324 2976 4385 Av.
3004 4325 3148 4387 AR.
3177 4324 3317 4388 AF..
3343 4322 3397 4386 Ι.
3438 4321 3635 4399 (Mus.
3671 4320 3908 4403 Caes.)

773 4414 1005 4578 cuge)
1031 4512 1250 4578 numis
1293 4504 1640 4583 similibus.
1692 4506 1810 4589 qui
1843 4505 2294 4594 imperantem

2476 4414 2732 4479 Similis
2766 4417 3045 4481 aversae
3089 4419 3430 4504 inscriptio
3477 4415 3690 4481 exstat
3729 4435 3909 4501 quo·

2377 4528 2509 4594 que
2557 4513 2625 4574 in
2664 4514 2885 4577 numis
2929 4513 3334 4580 Caracallae
3369 4534 3522 4579 cum
3563 4511 3908 4592 Caesarie,

768 4622 920 4681 tum
957 4606 1300 4680 familiam
1340 4603 1594 4688 sistunt,
1646 4613 1875 4672 actum
1924 4601 2013 4670 est
2045 4607 2117 4674 in
2176 4606 2291 4677 Se·
2374 4619 2517 4673 tum
2542 4608 2839 4698 Augusti.
2889 4612 2998 4679 Ad
3036 4610 3505 4700 pontificatum
3531 4607 3745 4674 Getae
3777 4608 3907 4671 ad.
