4242 5459
1274 541 1785 622 FLAVIA
1887 544 2500 626 TITIANA.
3318 584 3456 654 ¹47

306 746 901 820 senatusconsulto
937 745 1023 810 de
1045 742 1460 811 conferendo
1487 745 1685 810 uxori
1714 743 1849 807 Au·
1930 745 2095 833 gusti
2118 768 2295 814 uxor
2318 750 2499 828 esset,
2541 752 2952 838 propediem
2972 751 3306 842 Augustae
3339 757 3463 824 ho·

308 846 545 937 guliae
579 846 776 910 titulo
794 843 1201 923 intercessit,
1251 844 1355 909 ita
1382 860 1603 928 neque
1634 841 1852 907 hono·
1929 864 2096 909 nore
2148 859 2461 912 ornatum
2523 849 2649 925 iri,
2717 859 2838 912 aut
2894 869 3138 914 numos
3187 853 3339 918 suos
3385 857 3463 921 fi-

308 964 433 1011 ηε
477 943 902 1011 monetarios
936 938 1222 1009 indulfit.
1933 960 2231 1027 gnavere
2276 962 2441 1007 mox
2472 944 2711 1010 audito
2744 945 3340 1030 senatusconsulto,
3401 964 3475 1020 et

1933 1048 2312 1123 antequam
2366 1039 2537 1103 illud
2611 1060 2656 1105 a
2710 1041 3066 1108 Pertinace
3131 1045 3472 1114 irritatum

606 1135 809 1207 Num
854 1134 1182 1202 commatis
1219 1133 1567 1221 peregrini.
1935 1133 2293 1203 constaret.
2346 1140 2570 1220 Atque
2605 1137 2765 1216 hac,
2817 1151 2938 1202 aut
2970 1137 3163 1204 simili
3199 1145 3470 1212 ratione

1937 1232 2342 1318 corrigenda
2388 1232 2530 1296 sunt
2571 1253 2793 1319 prava
2831 1237 3340 1318 provinciarum
3374 1244 3473 1323 ju-

416 1331 529 1396 Ex
569 1327 836 1398 urbibus
897 1324 1151 1407 liberis,
1202 1324 1248 1390 n
1301 1323 1852 1392 Thessalonicam
1936 1326 2119 1392 dicia
2143 1374 2166 1406 ‚
2219 1348 2372 1393 cum
2414 1330 2600 1394 aliud
2640 1350 2686 1393 a
2721 1344 3002 1397 moneta
3036 1334 3377 1417 Romana,
3405 1350 3475 1408 et

318 1430 563 1494 demas
594 1474 616 1505 ‚
686 1427 873 1507 cujus
931 1443 1210 1489 numum
1274 1444 1361 1488 ex
1406 1422 1632 1488 museo
1677 1420 1854 1485 Pfau
1935 1425 2244 1489 unanimi
2295 1424 2764 1490 historicorum
2814 1427 3126 1492 consensu
3177 1451 3474 1517 pronun·

318 1526 495 1592 citat
527 1521 877 1588 Gess'nerus
899 1565 923 1600 ,
973 1540 1110 1585 una
1138 1519 1474 1605 Mytilene
1511 1518 1717 1583 Lesbi
1756 1519 1859 1591 in-j,
1939 1521 2165 1599 ciant,
2220 1525 2406 1606 cujus
2446 1522 2646 1608 plura
2683 1543 2806 1610 per
2842 1521 2977 1606 hoc
3017 1543 3192 1610 opus
3245 1549 3469 1594 exem.

315 1621 507 1684 sulae
555 1621 713 1685 urbs
749 1618 981 1696 clara,
1048 1617 1233 1700 quod
1306 1615 1637 1681 hactenus
1698 1631 1858 1679 con·
1936 1616 2057 1701 pla
2099 1618 2437 1701 vidimus»,
2491 1629 2564 1681 ut
2600 1638 2754 1682 cum
2793 1640 2861 1682 v.
2898 1640 2964 1706 g.
3002 1622 3474 1691 Britannicum
3595 1697 3600 1701 ,

320 1717 483 1797 stet,
537 1718 889 1781 Titianam
923 1714 1149 1778 numia
1186 1712 1481 1776 inseruit.
1534 1711 1806 1778 Eccos:
1939 1710 2213 1777 Claudii
2261 1713 2474 1779 filium
2500 1761 2523 1793 ,
2575 1715 2694 1798 qui
2737 1713 3144 1779 Caesaream
3189 1720 3478 1807 dignita.

619 1812 1045 1879 TlTlANH.
1113 1808 1545 1878 CCBACTH.
1642 1808 1863 1899 Hujus
1935 1821 2077 1874 tem
2140 1830 2487 1896 nunquam
2533 1812 2889 1891 excessit,
2941 1811 3012 1876 in
3074 1818 3300 1882 numia
3359 1818 3476 1884 suo

618 1917 831 1995 caput.
1938 1926 2228 1972 unarum
2264 1907 2551 1974 arbitrio
2589 1909 2941 1998 Augustum
2976 1907 3203 1978 fecere
3226 1962 3250 2000 ‚
3303 1926 3378 1979 ut
3404 1915 3476 1984 in

320 2006 1013 2094 MTTIAHNAmN,
1068 2003 1388 2071 Pertinax
1426 2020 1607 2090 eques
1630 2000 1862 2094 ραςξῇ-
1935 2001 2134 2086 hujus
2180 2015 2460 2072 moneta
2500 2003 2824 2070 diximus.
2991 2015 2998 2022 ‘

322 2107 570 2173 catoris
622 2099 866 2167 habitu.
919 2100 1060 2164 AE.
1104 2099 1158 2165 1.
1211 2102 1497 2184 (Haym.
1539 2099 1627 2163 T.
1689 2097 1744 2163 1.
1786 2115 1859 2182 p.
2036 2098 2439 2167 Coloniarum
2474 2101 2668 2164 numi
2697 2100 3178 2170 desiderantur.

322 2204 494 2279 264.
539 2199 704 2263 edit.
749 2195 1047 2261 Vindob.
1083 2195 1254 2263 Mus.
1294 2194 1515 2274 caer.)
2035 2195 2514 2263 Alexandrinos
2571 2194 2771 2259 binos
2818 2200 3094 2264 edidere
3164 2201 3471 2268 Vaillan.

420 2297 500 2362 In
529 2296 639 2360 his
670 2293 1042 2377 Mytilenes
1069 2293 1329 2372 numia,
1380 2304 1588 2375 atque
1623 2289 1859 2372 etiam,
1935 2289 2110 2369 tius,
2164 2293 2398 2375 (Num.
2447 2288 2725 2372 Graec.)
2777 2304 2845 2356 et
2905 2295 3312 2377 Men-euius,
3366 2302 3475 2383 (in

317 2405 498 2480 qma
540 2412 705 2456 mox
745 2390 1162 2476 producam,
1213 2387 1697 2452 Alexandrinis
1735 2384 1857 2448 mi·
1938 2373 2270 2471 Specim.)
2336 2386 2468 2451 hoa
2530 2405 2802 2471 quoque
2865 2406 3020 2454 cum
3078 2389 3276 2455 titulo
3344 2393 3471 2459 CC·

314 2512 475 2559 rum
514 2487 737 2555 videri
783 2483 1044 2571 potest,
1116 2485 1469 2549 Titianam
1526 2483 1665 2546 dici
1710 2481 1856 2548 Au·
1935 2483 2266 2551 BACTH.
2315 2483 2546 2548 Alium
2594 2483 2882 2550 Marcae
2932 2488 3231 2576 Aegypti
3280 2488 3469 2554 urbia

314 2590 603 2678 gustans,
655 2603 809 2649 cum
858 2594 1132 2659 tamen,
1185 2592 1260 2646 ut
1292 2581 1637 2657 diximus,
1694 2577 1857 2642 huic
1936 2578 2250 2666 vulgavit
2303 2578 2672 2660 MaffeiuS,
2765 2578 2838 2646 in
2915 2587 3105 2668 cujus
3181 2585 3464 2660 aversa;

316 2684 573 2752 honori
608 2701 657 2744 a
700 2681 932 2745 senatu
966 2677 1265 2741 feminae
1303 2677 1577 2743 decreto
1610 2675 1848 2763 palam
1931 2676 2474 2746 ΜΑΡΕΩΤΩΝ.
2500 2676 2584 2746 L.
2609 2681 2690 2745 A.
2727 2677 2939 2745 Navis
2954 2681 3220 2769 exparqfh
3237 2681 3463 2766 velo.‘)

318 2779 721 2848 adversatus
755 2774 831 2840 fit
866 2775 1217 2839 Pertinax·
1287 2771 1518 2856 Quare
1559 2774 1849 2859 provin·
1933 2773 2068 2837 Sed
2115 2793 2270 2837 eum
2306 2774 2543 2840 diserte
2580 2774 2876 2862 spurium
2932 2775 3208 2848 testatur
3255 2779 3468 2863 judex

318 2877 541 2948 ciales
579 2887 699 2942 aut
747 2893 901 2939 eam
936 2866 1306 2958 Augustam
1335 2868 1561 2934 fecere
1587 2872 1850 2956 προλητι·
1935 2870 2168 2957 gravis
2201 2870 2753 2958 Barthelemyus.
2788 2859 2846 2953 ι’)

312 2996 509 3057 turcos
532 3021 556 3056 ,
602 2991 757 3040 cum
801 2989 941 3037 non
987 2967 1421 3047 dubitarent,
1490 2985 1669 3053 quae
1718 2969 1852 3032 Au·

1758 3073 1809 3120 ο

1611 3252 1829 3324 PRE
1847 3252 1958 3324 TI
1977 3251 2049 3322 V
2058 3254 2162 3336 M.

529 3457 874 3527 &minatis
920 3453 1193 3523 Romani
1486 3485 1514 3502 -
1712 3486 1742 3502 ·
1940 3486 1968 3499 -
2167 3484 2196 3500 .
2398 3483 2425 3499 .
3077 3453 3156 3520 0·

526 3557 871 3626 cos-maus
909 3550 1237 3641 peregrim·
1285 3545 1658 3633 Mytilenes
1679 3591 1701 3626 ,
1750 3557 1823 3608 et
1873 3542 2320 3610 Alexandrini
2403 3579 2430 3594 ·
3078 3547 3289 3611 RRR.

1327 3832 1770 3908 DIDIVS
1859 3831 2476 3902 IVLIANVS.

416 4044 505 4109 Ei
556 4053 755 4129 pater
805 4035 1165 4101 Petronius
1217 4031 1465 4096 Didius
1519 4029 1862 4106 Severus,
1945 4046 2094 4090 rum
2134 4025 2451 4110 dissidio,
2504 4025 2689 4111 quod
2728 4023 2862 4090 hac
2901 4026 3295 4115 tempestate
3335 4032 3473 4118 ipse

312 4154 548 4210 mater
584 4136 794 4201 Clara
822 4133 1120 4197 Aemilia
1155 4128 1327 4207 fuit,
1399 4140 1467 4191 et
1518 4143 1690 4189 avus
1739 4143 1862 4210 pa·
1945 4124 2214 4187 Romae
2265 4124 2480 4200 vixit,
2567 4122 2760 4207 sequi⁸
2809 4123 3196 4205 malumus,
3268 4142 3471 4193 natus

308 4257 559 4308 ternus
603 4230 879 4298 Insuber
920 4221 1467 4293 Mediolanenfis.
1503 4217 1565 4304 ο)
1617 4220 1862 4302 Secun·
1944 4218 2036 4283 est
2066 4231 2360 4286 exeunte
2400 4219 2721 4282 Ianuario
2761 4222 2844 4286 V.
2901 4215 2981 4288 C,
3026 4225 3188 4296 336,
3243 4225 3476 4289 Rebu³

309 4340 488 4404 dum
539 4330 794 4398 Dionis
841 4336 1286 4412 computum,
1337 4339 1543 4404 quem
1579 4319 1650 4381 in
1694 4315 1863 4382 alio·
1946 4316 2257 4402 gerendis
2310 4334 2434 4401 per
2499 4328 2798 4380 aetatem
2854 4315 3175 4402 admotus
3229 4321 3477 4385 Marco

384 4547 451 4616 a)
494 4541 701 4610 Δηὼ).
746 4536 893 4595 Gali.
927 4552 989 4611 Ρ.
1032 4541 1150 4599 118.
1345 4526 1405 4598 b)
1445 4524 1619 4582 Mem.
1655 4526 1724 4581 Β.
1762 4525 2032 4608 ιοζῐοω.
2070 4524 2293 4582 XXVI.
2332 4540 2393 4597 p.
2430 4540 2554 4598 55¹·
2734 4525 2785 4596 ο)
2820 4521 3101 4665 δραι-εἷο.

3048 4619 3087 4666 2
