4242 5459
824 540 970 624 336

823 728 1068 796 tabula
1104 723 1609 809 Neapolitana,
1663 741 1865 806 quam
1919 725 2161 789 eodem
2194 726 2351 790 loco

821 821 1212 910 proferam,
1267 831 1558 901 exeunte,
1596 821 1836 883 eodem
1907 840 2085 883 anno
2155 826 2234 886 V.
2277 820 2351 885 C.

833 938 1016 984 1000
1056 918 1302 980 dicitur
1337 912 1689 999 Augustus.
1797 916 1953 997 Quo
2003 919 2143 998 ejus
2194 918 2351 980 anni

824 1017 935 1079 die
973 1013 1086 1080 hic
1119 1012 1219 1075 illi
1255 1011 1476 1072 honos
1502 1010 1792 1073 collatus
1839 1011 1949 1088 fit,
1997 1015 2348 1076 incertum.

819 1108 1125 1174 Exhibet
1192 1108 1663 1169 Buonarrotus
1725 1123 2048 1191 numum,
2100 1111 2168 1171 in
2212 1128 2347 1192 quo

825 1216 1228 1287 comparent
1297 1203 1648 1285 utriusque
1704 1202 2009 1289 Philippi
2075 1206 2348 1288 capita,

829 1314 897 1365 et
927 1299 1137 1364 ambo
1200 1299 1531 1361 laureata.
1616 1298 1681 1361 Is
1733 1317 1855 1382 per
1929 1299 2349 1385 epigraphen

823 1396 1147 1485 patrisP.
1179 1396 1276 1459 Μ.
1315 1394 1466 1457 TR.
1519 1384 1592 1456 P.
1623 1395 1740 1460 ΠΙ.
1792 1390 1981 1458 COS.
2029 1395 2102 1458 P.
2152 1398 2225 1460 P.
2274 1393 2348 1456 fi-

785 1505 1071 1579 ‘gnatus
1111 1488 1202 1552 est
1236 1492 1521 1555 aunoV.
1559 1488 1633 1553 C.
1676 1511 1837 1574 999.
1888 1479 2066 1576 Ergo
2115 1491 2347 1576 seque-

823 1601 1046 1665 retur,
1098 1585 1485 1670 Philippum
1529 1588 1662 1667 jun
1729 1597 2009 1682 propter
2069 1587 2347 1650 laureae

761 1693 769 1700 ”
821 1685 1190 1748 honorem
1171 1702 1312 1764 Jam
1330 1681 1464 1744 hoc
1488 1701 1664 1745 anno
1685 1681 1876 1745 fuiss‘e
1901 1681 2281 1765 Augustum.
2288 1684 2348 1765 ⁸)

824 1785 918 1842 At
948 1778 1182 1841 licebit
1219 1796 1497 1838 numum
1541 1798 1748 1840 numo
1797 1795 2166 1861 opponere.
2217 1779 2346 1841 Re·

824 1873 960 1937 fert
997 1871 1324 1935 Baldinus
1368 1891 1454 1934 ex
1496 1874 1719 1937 museo
1761 1873 2035 1938 Albano
2069 1892 2347 1935 numum

826 1989 1017 2034 max.
1054 1968 1286 2044 mod.,
1332 1965 1401 2032 in
1435 1990 1570 2054 quo
1616 1970 1966 2054 Philippus
2006 1971 2147 2047 jun.
2188 1970 2348 2032 dici-

828 2080 942 2129 tur
960 2067 1063 2133 M.
1084 2062 1256 2127 IVL.
1279 2063 1757 2129 PHILIPPVS.
1782 2064 2083 2128 NOBIL.
2105 2063 2350 2130 CAES.

832 2178 898 2227 et
943 2177 1178 2227 tamen
1230 2179 1383 2223 cum
1445 2161 1578 2225 hoc
1634 2161 1941 2235 Caesaris
2001 2161 2348 2226 vocabulo

815 2259 1254 2343 ‘conjungitur
1294 2270 1500 2341 caput
1544 2258 1948 2335 laureatum.
1982 2246 2052 2341 b)
2139 2257 2349 2339 Quid-

830 2358 993 2441 quid
1030 2354 1102 2418 fit
1140 2354 1226 2416 de
1263 2352 1376 2417 his
1410 2356 1629 2418 numia
1655 2402 1676 2432 ,
1745 2356 1860 2437 qui
1920 2355 2118 2441 saepe
2171 2355 2349 2418 male

825 2453 1035 2529 lecti,
1088 2461 1154 2512 et
1201 2448 1379 2511 male
1444 2451 1859 2534 promulgati
1909 2452 2092 2530 sunt,
2144 2452 2349 2535 pluri·

826 2568 1015 2612 mum
1035 2545 1463 2609 tribuendum
1484 2559 1650 2631 puto
1671 2547 1948 2611 tabulae
1969 2546 2349 2625 Mutinensi,

830 2665 1008 2726 quae
1060 2640 1446 2725 Philippum
1499 2639 1788 2703 nostrum
1858 2642 2112 2705 nonnisi
2164 2659 2346 2706 anno

828 2743 911 2804 V.
955 2738 1030 2812 C,
1106 2755 1284 2798 1000
1334 2736 1715 2817 supremam
1772 2739 2168 2820 dignitatem
2228 2737 2342 2798 ad-

825 2846 1060 2916 eptum
1108 2832 1534 2914 pronunciat.
1601 2829 1771 2894 Cum
1810 2834 1915 2894 his
1953 2830 2346 2896 testimoniis

826 2931 956 2988 rite
1021 2924 1401 3007 conspirant
1450 2928 1592 3005 ejus
1661 2929 1847 2988 numi
1904 2926 2350 2992 Alexandrini

832 3041 982 3089 cum
1022 3020 1099 3084 L.
1143 3024 1241 3096 Δ,
1295 3040 1581 3104 quorum
1636 3022 1752 3085 alii
1787 3021 2174 3106 Philippum
2208 3027 2349 3103 jun.

829 3118 1049 3181 filiunt
1110 3117 1332 3198 capite
1383 3118 1566 3179 nudo
1632 3131 1699 3180 et
1753 3117 1880 3179 sine
1948 3120 2352 3203 imperatoris

828 3217 1134 3288 nomine,
1187 3212 1306 3274 alii
1342 3211 1645 3276 lauream
1681 3214 1962 3289 addunt,
2008 3227 2075 3277 et
2099 3216 2350 3280 dictum

829 3311 1123 3375 titulum.
1179 3306 1424 3392 Coepit
1461 3329 1672 3373 annus
1704 3311 1821 3374 lV.
1870 3323 2155 3374 exeunte
2211 3316 2349 3376 Au-

830 3407 1020 3494 gusto
1046 3408 1126 3468 V.
1162 3404 1235 3468 C.
1298 3425 1435 3490 999
1468 3408 1766 3469 exiturus
1814 3407 2056 3469 eodem
2090 3420 2351 3495 tempo·

822 3525 899 3569 re
933 3508 1011 3570 V.
1056 3500 1130 3565 C.
1192 3521 1411 3577 1000,
1468 3523 1629 3589 ergo
1681 3505 1858 3567 intra
1899 3504 1971 3566 id
2024 3508 2352 3590 temporie

831 3603 1049 3664 dictus
1111 3598 1198 3663 est
1243 3597 1598 3683 Augustus.

928 3697 1249 3758 Omnium
1289 3697 1564 3759 minime
1603 3698 1673 3760 in
1705 3697 1836 3760 hac
1871 3695 2071 3761 causa
2123 3697 2356 3762 valere

830 3789 1033 3852 debet
1074 3790 1400 3871 judicium
1455 3795 1967 3875 provinciarum
2032 3795 2354 3857 remotio·

825 3903 1000 3947 rum.
1050 3882 1335 3947 Exstat
1318 3904 1385 3946 in
1433 3886 1660 3949 museo
1728 3887 2061 3956 Caesareo
2113 3910 2355 3952 numus

830 3979 1143 4059 coloniae
1201 3979 1524 4064 Sinopes,
1608 3984 1677 4045 in
1727 4004 1862 4066 quo
1937 3986 2354 4070 epigraphe.

828 4056 1666 4141 M.1VL.1²H1LIPPVS.
1722 4077 2012 4156 CAES„
2081 4086 2356 4164 ejusque

832 4184 1038 4256 caput
1081 4170 1374 4248 nudum,
1431 4184 1497 4231 et
1548 4193 1761 4235 annus
1816 4174 2186 4254 CCCXIX,
2242 4178 2355 4260 qui

828 4269 1065 4352 incipit
1102 4267 1168 4327 in
1189 4277 1513 4327 autumno
1551 4271 1636 4330 V.
1666 4267 1744 4334 C.
1784 4288 1999 4346 1002,
2055 4271 2353 4354 quoipso

829 4364 992 4428 anni
1014 4375 1317 4445 tempore
1346 4360 1600 4424 constat
1625 4362 2052 4428 interfectum
2093 4366 2353 4449 Philip-

902 4577 957 4641 α)
997 4572 1206 4633 offen.
1242 4571 1317 4625 ist.
1356 4589 1415 4644 p.
1458 4580 1575 4641 289·

1768 4568 1829 4641 b)
1864 4569 1935 4623 ad
1972 4571 2145 4624 Vaill.
2183 4574 2256 4627 T.
2292 4573 2395 4627 111.
2436 4591 2496 4647 p.
2539 4592 2651 4644 ¹91·
2693 4574 2789 4630 ed.
2819 4576 2982 4654 Rom.

1944 482 2646 602 pinuppvs
2744 525 2847 599 11.

2438 744 2601 810 pum
2633 725 2969 807 juniorem
2997 771 3017 803 ,
3071 726 3191 808 qui
3234 729 3649 808 tamenim
3689 729 3975 815 pridem

2440 819 2570 883 fuit
2604 818 2952 904 Augustus.
3007 820 3083 882 ln
3127 821 3266 884 alio
3296 834 3505 884 numo
3557 828 3968 908 provinciae

2439 915 2705 978 Daciae
2744 916 3041 999 ejusdem
3099 916 3305 979 musei
3356 917 3595 980 eadem
3652 919 3743 983 est
3794 944 3963 1007 para

2439 1010 2768 1088 adversa,
2823 1031 2998 1093 quae
3042 1012 3110 1073 in
3157 1012 3551 1096 Sinopensi,
3610 1029 3679 1078 et
3712 1018 3971 1083 ΔΝΜ

2433 1106 2520 1170 11.
2545 1152 2566 1183 ,
2634 1108 2750 1189 qui
2808 1106 3163 1191 respondet
3217 1127 3395 1170 anno
3444 1111 3524 1171 V.
3584 1108 3889 1176 C.1001
3934 1161 3961 1191 ‚

2434 1221 2583 1285 quo
2609 1213 2757 1266 toto
2797 1221 2977 1264 anno
3000 1201 3348 1287 Philippus
3389 1202 3496 1266 hic
3538 1204 3796 1295 absque
3832 1210 3954 1272 du-

2435 1296 2551 1360 bio
2578 1296 2935 1382 Augustus
2914 1318 3053 1379 jam
3071 1297 3229 1376 fuit,
3242 1312 3315 1361 ut
3338 1315 3773 1366 monumenta
3791 1323 3952 1369 om..

2429 1397 2547 1455 nia
2590 1394 2878 1457 adfatim
2917 1395 3184 1457 docent.
3263 1394 3518 1457 Contra
3550 1400 3736 1461 numi
3778 1399 3951 1464 Ale·-

2429 1489 2750 1554 xandrini
2782 1490 3196 1575 Philippum,
3248 1509 3401 1553 curn
3442 1489 3685 1554 Caesar
3720 1495 3949 1558 adhuc

2435 1585 2635 1664 effet,
2690 1587 2922 1648 dicunt
2972 1582 3366 1668 Augustum,
3421 1586 3661 1671 scripto
3694 1609 3946 1674 nempe

2432 1681 2525 1743 M.
2570 1683 2743 1745 ΙΟΤ.
2781 1680 3233 1746 chunnos..
3285 1682 3377 1744 K..
3438 1682 3645 1760 CER„
3723 1704 3945 1767 quam

2430 1777 2715 1839 eandem
2776 1776 3276 1861 perversitatem
3329 1779 3534 1840 etiam
3588 1778 3796 1842 habes
3874 1783 3950 1844 in

2432 1874 2652 1933 numis
2693 1869 3045 1948 Salonini,
3092 1873 3279 1953 cujus
3324 1872 3477 1935 sane
3537 1870 3819 1938 difficile
3859 1875 3955 1940 est

2431 1968 2769 2030 rationem
2797 1967 3079 2030 reddere
3106 2016 3125 2044 ‚
3178 1968 3454 2056 quando
3495 1968 3624 2031 hac
3652 1974 3794 2053 jam
3836 1993 3951 2037 ae.-

2432 2074 2574 2125 tate
2624 2082 2762 2125 non
2800 2065 3008 2127 modo
3044 2075 3281 2126 vetera
3325 2060 3617 2126 instituta
3644 2112 3664 2144 ,
3716 2066 3828 2130 sed
3883 2082 3953 2132 et

2434 2178 2641 2222 verae
2675 2158 2913 2222 summi
2948 2158 3228 2223 honoris
3263 2157 3774 2244 fignificationes
3804 2163 3955 2249 pes-

2433 2254 2572 2318 sum
2623 2256 2831 2320 ivere.

2842 2449 3151 2533 Pontifex·
3197 2453 3531 2516 maximus.

2527 2639 2927 2705 Pontificem
2974 2639 3164 2705 fuisse
3205 2642 3591 2729 Philippum
3629 2638 3953 2725 nostrum

2431 2757 2633 2821 quam
2664 2738 2775 2800 diu
2817 2737 3066 2801 Caesar
3088 2753 3270 2818 erat,
3321 2754 3464 2803 tam
3498 2739 3817 2823 analogia
3857 2740 3952 2803 ab

2429 2832 2743 2895 omnibus
2759 2833 3490 2900 hactenusCaesaribus
3506 2839 3960 2920 petita,quam

2432 2928 2617 2990 numi
2677 2948 2829 2990 cum
2889 2940 3063 3018 typo
3119 2929 3699 2994 instrumentorum
3784 2950 3962 3015 pon-

2430 3024 2786 3086 tificalium
2825 3025 2978 3087 satis
3001 3026 3366 3090 declarant.
3417 3029 3671 3091 Verum
3708 3046 3792 3088 ex
3816 3045 3967 3109 quo

2435 3121 2654 3183 dictus
2708 3120 2796 3183 est
2840 3120 3206 3205 Augustae,
3253 3143 3404 3185 eum
3456 3124 3642 3185 numi
3687 3122 3957 3207 pontifi-

2434 3235 2581 3279 cem
2628 3219 3003 3280 maximum
3054 3220 3332 3303 perinde
3384 3239 3466 3281 ac
3518 3231 3777 3304 patrem
3828 3239 3954 3301 ap-

2434 3311 2718 3397 pellant.
2772 3311 2976 3395 Quod
3016 3308 3057 3375 fi
3095 3314 3241 3399 quis
3289 3316 3458 3378 meis
3478 3329 3605 3377 ‘me
3642 3314 3807 3378 velit
3844 3333 3960 3377 ar-

2434 3409 2769 3494 gumentis
2805 3408 3113 3492 stringere
3135 3458 3157 3486 ,
3219 3411 3534 3473 nimirum
3564 3411 3959 3493 Philippum

2439 3503 2651 3567 filium
2692 3505 2823 3567 dici
2861 3509 2926 3568 in
2966 3508 3186 3570 numis
3238 3507 3310 3573 P.
3368 3507 3511 3591 M„
3583 3525 3712 3571 non
3754 3506 3954 3586 quod

2439 3600 2552 3663 hic
2612 3621 2852 3665 revera
2922 3601 3117 3684 esset,
3196 3601 3307 3664 sed
3365 3605 3687 3685 quoniam
3756 3599 3965 3681 huju:

2440 3697 2661 3760 numis
2726 3709 2954 3781 pa-tes
3028 3700 3302 3760 aversae
3365 3699 3454 3760 ad
3508 3712 3768 3784 patrem
3810 3717 3965 3783 per-

2440 3794 2734 3855 tinentes
2760 3793 3147 3880 applicatae
3184 3792 3401 3876 fuere,
3451 3789 3822 3879 appellabo
3865 3794 3969 3858 ad

2439 3887 2746 3952 tabulam
2816 3891 3167 3954 laudatam
3224 3889 3773 3975 Neapolitanam.
3866 3872 3973 3955 A't

2443 3983 2619 4048 hanc
2640 3985 3002 4071 suspectam
3027 3998 3234 4049 vocat
3257 3987 3765 4061 TillemontiuS,
3798 3987 3969 4070 quia

2439 4081 2510 4142 in
2591 4084 2813 4143 numis
2910 4082 3063 4145 aliis
3103 4129 3123 4157 ‚
3227 4084 3432 4144 etiam
3498 4103 3648 4145 cum
3740 4087 3969 4168 Augu-

2443 4175 2566 4237 Rus
2587 4177 2968 4255 jamesl'et,
3024 4179 3266 4240 dicitur
3308 4177 3690 4263 [impliciter
3734 4177 3970 4242 PON-

2442 4270 2621 4332 TlF.
2656 4276 2707 4345 ο)
2763 4270 2892 4334 Sed
2921 4275 3096 4336 enim
3118 4273 3187 4336 hi
3213 4274 3759 4338 numiGoltziani
3794 4275 3973 4359 lunt,

2439 4376 2505 4426 et
2546 4364 2585 4425 fi
2626 4365 2896 4430 laborat
2915 4368 3080 4433 fides
3114 4370 3390 4434 tabulae
3430 4369 3977 4456 Neapolitanae,

3177 4581 3225 4649 a)
3278 4579 3433 4636 Nota
3478 4578 3553 4642 V.
3597 4580 3662 4631 in
3702 4578 3973 4670 Philipp.
