4242 5459
1480 532 2272 633 SALovas.

329 729 607 800 Constat
663 734 909 799 deinde
925 732 945 815 ,'
996 735 1087 798 ad
1134 735 1618 821 imperatorem
1661 738 1861 823 perti-

274 863 281 870 ·
326 830 534 899 nuiire
580 833 687 911 jus
729 830 1026 919 signandi
1089 833 1238 895 auri
1280 834 1717 916 argentique,
1769 834 1860 897 ad

328 928 631 991 senatum
678 931 894 1005 aeris,
948 929 1125 991 unde
1172 928 1240 991 in
1297 941 1616 1013 promptu
1653 932 1858 1008 ratio,

325 1041 444 1085 cur
505 1020 712 1086 exstet
795 1035 1193 1110 argenteum
1275 1025 1392 1107 qui
1457 1023 1856 1088 Saloninum

329 1115 692 1202 Augustum
746 1121 931 1184 dicit.
1004 1118 1276 1185 Certum
1311 1120 1644 1201 denique,
1697 1140 1857 1184 con·

320 1212 761 1279 sectationem
799 1216 962 1297 juris
1016 1216 1332 1279 senatorii
1396 1214 1625 1292 fuisse,
1681 1217 1856 1280 unde

321 1310 658 1375 rationem
729 1311 989 1375 rursum
1046 1325 1396 1388 tenemuS,
1450 1330 1566 1375 cur
1662 1311 1854 1375 Salo·

200 1416 207 1427 '
320 1405 517 1468 ninus
586 1406 657 1468 in
721 1407 1244 1471 consecrationis
1309 1408 1530 1470 numis
1604 1405 1854 1472 Caesar

322 1502 582 1564 tantum
645 1488 1051 1567 n6minetur.
1167 1503 1367 1585 Quod
1422 1522 1589 1567 vero
1657 1504 1725 1567 in
1779 1523 1851 1565 a·

314 1594 612 1676 liquibus
653 1599 914 1675 nuruis,
968 1601 1081 1680 qni
1118 1599 1184 1660 in
1231 1598 1600 1685 provinciis
1638 1596 1846 1681 ligna-

314 1691 367 1753 ti
413 1690 597 1768 sunt,
623 1711 827 1774 ‚quae
867 1691 1128 1755 senatus
1161 1691 1393 1768 fuere,
1447 1692 1711 1756 dicatur
1745 1705 1844 1756 ta·

318 1805 471 1850 men
523 1790 869 1872 imperator
921 1786 1339 1872 simpliciter,
1410 1807 1842 1870 nequaquam

315 1881 600 1965 mirum,
654 1903 811 1947 nam
861 1896 930 1946 ut
1000 1884 1151 1967 quis
1192 1883 1659 1967 agnosceretur
1711 1887 1844 1946 Au-

316 1974 572 2062 gustuS,
627 1979 880 2042 necesl'e
925 1992 1072 2041 erat
1115 1981 1439 2042 accedere
1477 1980 1845 2041 auctorita·

317 2083 451 2134 tem
492 2073 795 2157 senatus,
848 2087 918 2137 at
954 2076 1387 2158 imperatoris
1439 2075 1672 2137 titulus
1720 2074 1842 2136 ad-

200 2221 209 2225 -
318 2167 728 2234 clamatione
787 2170 1066 2232 militari
1130 2169 1635 2253 acquirebatur.

414 2268 639 2348 Atque
688 2266 820 2328 hoc
856 2264 1135 2329 obtentu
1186 2266 1651 2350 Brequignyus
1689 2264 1841 2349 pla-

312 2381 402 2424 na
429 2362 660 2424 omnia
687 2361 989 2446 spondet,
1031 2382 1207 2445 quae
1236 2362 1576 2446 impedita
1611 2361 1837 2424 hacte-

142 2470 203 2553 ᾗ
314 2476 447 2519 nus
476 2468 682 2540 atque
706 2456 1007 2542 implexa
1040 2457 1469 2523 videbantur.
1521 2455 1677 2537 Quo
1710 2458 1837 2519 mi.

311 2571 437 2616 nus
460 2555 782 2616 continuo
816 2552 1157 2615 adsensum
1196 2551 1563 2637 praestem,
1618 2550 1836 2616 obstat

412 2648 468 2715 1.
524 2652 820 2715 Auctore
879 2648 1024 2734 ipso
1083 2648 1446 2713 Saloninus
1498 2650 1564 2711 in
1625 2669 1835 2714 numo

318 2756 639 2829 argenteo
683 2747 930 2810 dicitur
972 2744 1333 2830 Augustus,
1386 2747 1707 2831 quoniam
1738 2745 1835 2809 fe·

308 2841 534 2905 riundi
576 2844 836 2926 argenti
868 2844 972 2923 jus
1007 2843 1098 2905 ad
1137 2842 1514 2927 principem
1544 2844 1832 2926 pertinu-

309 2937 386 3004 it.
440 2937 719 3020 Quaero
746 2984 765 3015 ,
819 2958 935 3002 cur
978 2937 1158 3000 idem
1201 2938 1643 3022 inargenteis.
1672 2956 1830 3001 con.

306 3033 701 3097 sectationis
734 3036 951 3098 numis
987 3044 1178 3096 tanto
1224 3053 1505 3096 numero
1537 3032 1834 3119 supersti-

306 3130 489 3193 tibus
582 3127 961 3193 constanter
1043 3129 1311 3192 dicatur
1382 3127 1630 3193 Caesar
1678 3143 1834 3195 tan..

314 3236 498 3302 tum,
587 3224 907 3311 Augustus
964 3244 1050 3289 ex
1106 3226 1249 3308 ejus
1298 3224 1625 3291 sententia
1668 3246 1829 3289 nun·

308 3321 566 3404 quam?
616 3326 718 3384 An
757 3334 828 3386 ut
877 3321 1399 3386 consecrationis
1446 3322 1829 3401 decretum,

299 3417 402 3481 ita
454 3428 521 3480 et
549 3419 655 3496 jus
704 3417 999 3502 signandi
1049 3435 1295 3480 aureos
1336 3430 1827 3502 argenteosque

303 3514 829 3578 consecrationis
887 3512 1268 3576 numos'ad
1334 3512 1634 3576 senatum
1680 3533 1827 3598 per·

297 3608 648 3673 tinuerat?
699 3609 810 3673 Sin
836 3607 997 3673 istud
1025 3656 1046 3685 ‚
1098 3611 1303 3672 curin
1344 3610 1643 3672 omnium
1669 3629 1826 3673 con·

299 3703 712 3769 secratorum
770 3708 1148 3791 principum
1206 3708 1427 3769 numis
1470 3704 1830 3770 nobilioris

297 3801 557 3865 metalli
598 3800 779 3865 abest
822 3817 981 3867 nota
1023 3801 1090 3869 S.
1133 3799 1209 3866 C.
1242 3804 1271 3863 2
1325 3802 1503 3865 Novi
1530 3822 1678 3865 eam
1710 3823 1822 3865 ex-

298 3893 510 3960 sistere
552 3899 619 3963 in
655 3899 875 3962 numis
911 3900 1134 3962 aureis
1162 3898 1632 3982 argenteisque
1680 3898 1823 3961 divi

296 3992 723 4077 Vespasiani:
780 4016 1013 4058 verum
1054 4009 1195 4058 tum
1236 3995 1537 4057 scribitur
1568 3994 1817 4058 EX.VS.

302 4084 380 4153 C..
411 4134 441 4164 ,.
482 4111 616 4173 quo
660 4092 985 4167 indicari,
1036 4111 1171 4155 non
1212 4092 1338 4154 hos
1363 4110 1604 4154 numos
1639 4091 1813 4152 sena·

295 4194 407 4249 tus
433 4185 731 4250 consulto
752 4185 940 4249 fuisse
969 4186 1181 4266 cusos,
1208 4186 1316 4249 sed
1337 4185 1811 4272 Vespasianum

294 4278 480 4345 ανδ.
514 4281 588 4347 C.
628 4284 1085 4349 consecratum
1115 4331 1136 4363 ‚
1178 4296 1511 4346 noverunt
1549 4303 1808 4347 omnes.

391 4374 476 4438 11.
530 4377 802 4442 Exstant
851 4379 1657 4443 AlexandriniSalonini
1698 4398 1811 4441 nu-

280 4470 381 4535 mi
424 4490 573 4537 cum
614 4474 819 4539 titulo
862 4473 1173 4564 Augusti,
1226 4476 1555 4564 annisque
1596 4483 1683 4543 Δ..
1736 4477 1811 4540 Ζ.

379 4566 569 4654 (Vol.
618 4568 820 4655 VII.)

3303 553 3449 625 425

1942 733 2192 821 Coepit
2224 749 2441 798 annus
2490 733 2545 796 Δ
2595 740 2886 795 exeunte
2941 725 3233 819 Augusto
3266 732 3356 796 V.
3395 730 3472 797 C.

1953 832 2269 916 1009‚P.
2323 830 2407 895 X.
2466 829 2655 911 256,
2726 840 2794 890 et
2863 847 3076 913 annus
3123 829 3173 889 Z
3225 827 3473 892 eodem

1941 927 2165 992 mense
2198 928 2284 993 V.
2339 923 2417 989 C.
2469 942 2646 988 1012
2697 924 2880 989 P.x.
2920 943 3098 1007 259,
3151 943 3288 1009 quo
3324 923 3470 1009 ipso

1943 1044 2096 1087 eum
2136 1043 2316 1087 anno
2358 1019 2634 1084 subinde
2664 1019 2926 1083 caesum
2961 1020 3281 1084 diximus,
3336 1020 3470 1083 Er-

1943 1139 2031 1204 go
2068 1119 2433 1182 Saloninus
2474 1113 2798 1202 Augustus
2837 1113 2967 1177 fuit
2998 1116 3193 1178 annis
3236 1114 3466 1179 solidis

1942 1214 2238 1292 duobus,
2295 1228 2364 1278 et
2398 1212 2629 1276 saltem
2655 1210 2920 1294 aliquot
2956 1210 3312 1287 mensibus.
3355 1212 3467 1274 Ex

1941 1310 2075 1393 quo
2115 1309 2542 1394 consequitur
2579 1306 2943 1371 necessario
2970 1353 2989 1385 ‚
3041 1326 3287 1386 numos
3341 1307 3461 1371 Sa·

1936 1404 2147 1469 lonini
2179 1417 2441 1469 tantum
2474 1402 2780 1466 Caesaris
2816 1415 3173 1488 argenteos
3198 1421 3461 1480 omneS,

1938 1521 2227 1586 quorum
2282 1501 2516 1584 ingens
2561 1497 2844 1584 superest
2885 1501 3131 1584 copia,
3199 1496 3361 1585 q'uin
3399 1511 3467 1563 et

1935 1615 2182 1659 aureos
2212 1596 2485 1670 omnes,
2539 1612 2710 1679 quos
2742 1594 3120 1673 habemus,
3168 1595 3461 1681 signatos

1929 1689 2121 1753 fuisse
2163 1703 2320 1754 ante
2360 1690 2645 1754 mensem
2699 1690 3058 1776 Augustum
3100 1692 3264 1754 dicti
3285 1692 3457 1756 anni

1940 1806 2167 1868 1009,
2217 1806 2370 1850 cum
2404 1787 2724 1872 deinceps
2777 1786 3043 1871 Augusti
3088 1808 3241 1857 eum
3291 1790 3461 1853 ima·

1927 1883 2081 1967 gine
2116 1884 2411 1968 proponi
2450 1883 2703 1945 necesl'e
2744 1881 2973 1950 suerit.
3047 1889 3135 1948 At
3164 1904 3283 1948 cur
3317 1905 3459 1947 mo·

1929 1979 2218 2053 netarii‚
2293 1980 2408 2063 qui
2471 1990 2610 2040 tam
2669 1977 2876 2041 seduli
2913 1978 3102 2043 fuere
3154 1982 3220 2043 in
3270 1982 3457 2044 dedi·

1928 2073 2154 2136 canda
2186 2073 2514 2136 Salonino
2569 2074 2815 2161 Caesari
2863 2088 3176 2154 moneta,
3244 2078 3456 2141 conti·

1926 2186 2063 2230 nuo
2104 2168 2454 2244 remisere,
2508 2188 2593 2230 ex
2634 2189 2772 2252 quo
2810 2169 2870 2231 is
2909 2169 3232 2255 Augustus
3273 2171 3454 2236 suit?

1926 2261 2124 2326 Certe
2158 2281 2243 2326 ex
2297 2274 2575 2326 moneta
2626 2276 2952 2350 argentea
2984 2265 3293 2330 Salonini
3318 2274 3450 2331 Au-

1923 2355 2087 2443 gusti
2138 2360 2316 2423 intra
2371 2358 2621 2423 biennii
2680 2373 2747 2424 et
2791 2362 3086 2447 sinplius
3158 2362 3451 2449 spatium

1920 2452 2176 2539 signata
2215 2475 2490 2518 numum
2544 2459 2816 2523 unicum
2851 2457 3183 2524 babemus
3225 2459 3449 2545 super-

1921 2548 2153 2617 stitem.
2249 2550 2319 2613 Si
2371 2572 2537 2615 vera
2603 2554 3017 2640 Brequignyi
3071 2555 3460 2635 sententia,-

1919 2666 2007 2710 an
2045 2664 2180 2710 non
2211 2648 2624 2712 contrarium
2664 2653 2892 2735 potius
2950 2652 3243 2716 debuisse
3296 2672 3453 2716 eve-

1919 2745 2063 2806 nire
2129 2743 2272 2830 ipsa
2318 2745 2495 2807 ratio
2538 2745 2870 2811 suadet?·
2918 2750 3217 2813 Adverte
3241 2798 3263 2830 ,
3332 2769 3446 2814 me

1917 2838 2028 2903 hic
2064 2840 2253 2924 loqui
2323 2842 2390 2903 in
2448 2841 2774 2915 sententia
2811 2847 3268 2932 Brequignyi‚
3323 2850 3445 2934 qui
3485 2906 3492 2911 ,

1918 2936 2186 2999 unicum
2221 2942 2486 3001 tantum
2514 2954 2907 3025 argenteum
2951 2942 3260 3007 Salonini
3294 2946 3441 3011 Au·

1908 3034 2075 3119 gtfit'
2116 3036 2436 3119 agnovit,
2491 3036 2790 3123 reliquos
2853 3040 3147 3103 aliorum
3216 3061 3444 3105 exem·

1915 3130 2034 3214 plo
2099 3131 2470 3196 Valeriano
2522 3134 2661 3212 jun.
2702 3135 3147 3215 adjudicavit.

2010 3224 2130 3291 111.
2177 3218 2526 3290 Habemus
2559 3243 2917 3313 argenteos
2951 3224 3277 3316 {Salonini
3325 3255 3440 3299 nn.

1914 3338 2064 3382 mos
2125 3321 2492 3407 ‚inscriptos
2572 3323 3046 3391 VICTORIA.
3128 3327 3444 3409 PART.,

1911 3415 2190 3497 perinde
2240 3437 2322 3481 ac
2362 3419 2574 3502 patris
2621 3417 2954 3501 Gallieni,
3020 3432 3086 3484 et
3127 3425 3243 3486 avi
3301 3427 3435 3488 Va·

1908 3509 2169 3577 leriani.
2253 3512 2573 3576 Omnium
2610 3535 2746 3578 una
2779 3515 2870 3579 est
2901 3517 3262 3596 sententia,
3306 3519 3438 3587 hos

1908 3603 2199 3689 signatos
2240 3608 2592 3672 occasione
2630 3610 3007 3689 victoriae,
3070 3633 3280 3699 quam
3323 3617 3438 3683 hic

1908 3701 2021 3765 sub
2067 3702 2334 3766 initium
2375 3705 2832 3788 expeditionis
2882 3709 3036 3773 suae
3082 3711 3166 3773 de
3224 3713 3436 3781 Persis

1909 3796 2156 3861 retulit.
2210 3801 2524 3864 Relatam
2574 3802 2750 3867 hanc
2787 3805 3188 3893 chronol-ogi
3243 3807 3438 3876 flatu·

1906 3906 2023 3957 unt
2085 3897 2170 3962 V.
2219 3895 2294 3963 C.
2355 3916 2579 3976 1012,
2630 3902 2746 3983 qui
2802 3901 3234 3989 Breckignyo
3285 3908 3436 3995 ipso

1899 3992 2126 4074 judice
2196 3992 2321 4061 suit
2360 3992 2728 4079 postremus
2779 3997 3105 4072 Salonini.
3164 4003 3436 4085 Tamen

1901 4090 1957 4151 is
2015 4089 2082 4149 in
2125 4089 2259 4153 hoc
2309 4080 2512 4153 numo
2567 4090 2813 4157 Caesar
2860 4108 3124 4162 tantum
3161 4100 3436 4182 dicitur,

1900 4185 2020 4268 qui
2090 4197 2231 4249 tum
2295 4187 2405 4250 vel
2462 4190 2759 4254 maxime
2823 4192 3150 4280 Augustus
3202 4196 3427 4261 dicen-

1899 4282 2022 4344 dus
2072 4279 2318 4347 fuerat.

1996 4377 2112 4440 lv.
2165 4380 2438 4445 Recitat
2511 4384 2935 4450 Muratorius
2967 4386 3282 4475 insignem
3334 4393 3431 4457 in-

1897 4474 2325 4560 scriptionem
2366 4479 2756 4547 dedicatam
2799 4482 3214 4575 Valeriano‚
3266 4486 3426 4555 Gai·
