4242 5459
973 552 1113 627 378
2096 524 3002 607 VALERIANVS.

820 705 835 716 ‘
968 733 1041 798 Ρ..
1074 733 1163 797 Μ.
1201 728 1351 794 Ta.
1400 731 1475 795 Ρ.
1510 731 1600 799 v,
1653 725 2145 794 cos,1111.1².
2201 727 2273 791 P.
2323 733 2495 814 typis

965 830 1188 898 variis,
1239 827 1385 894 AR.
1417 826 1625 912 (Mus.
1654 821 1879 907 Caes.)
1906 822 2043 887 ΑΕ.
2064 822 2151 892 11.
2204 824 2491 908 (Bam.)

1320 1017 1403 1088 V.
1454 1019 1521 1085 C.
1554 1040 1697 1084 1⁰11
1750 1018 1832 1085 P.
1874 1018 1963 1085 X.
1996 1035 2150 1103 258.

1071 1120 1207 1188 ΤΚ.
1253 1120 1330 1190 Ρ.
1392 1117 1516 1182 VI.
1553 1115 1734 1180 COS.
1765 1113 1898 1181 IV.
1950 1114 2030 1180 P.
2069 1115 2169 1181 M.
2200 1115 2279 1181 Γ.
2312 1116 2387 1181 Ρ.

1224 1217 1519 1281 Memmio
1574 1214 1759 1300 Tusco
1782 1259 1801 1290 ,
1873 1211 2052 1304 Buff:
2102 1212 2217 1294 coll

1062 1408 1467 1474 Valerianus
1524 1404 1842 1469 adversus
1890 1404 2223 1490 Saporem
2277 1406 2488 1489 profi-

964 1509 1263 1583 ciscitur,
1317 1505 1432 1588 qui
1462 1504 1667 1587 cap‘ta
1692 1505 1832 1584 jam
1874 1503 2055 1564 omni
2096 1500 2240 1582 fere
2270 1502 2486 1568 Meso-

952 1603 1278 1689 potamia
1309 1598 1747 1662 Antiochiam
1788 1595 1999 1681 ipsam
2047 1597 2233 1660 ferro
2272 1610 2480 1683 atque

960 1703 1110 1783 igne
1130 1697 1495 1781 populatus
1520 1690 1626 1755 est.
1662 1693 1877 1775 (Vide
1908 1691 2486 1778 Tillemontium.)

1057 1791 1312 1855 Desunt
1355 1791 1520 1852 certi
1566 1789 1760 1870 hujus
1820 1791 1980 1853 anni
2021 1789 2224 1851 numi.
2427 1804 2440 1817 “

1308 1981 1393 2048 V.
1427 1981 1494 2048 C.
1528 2003 1703 2047 3012.
1746 1983 1822 2047 P.
1866 1982 1953 2048 X.
1994 2003 2139 2066 259.

964 2081 1151 2148 trit.
1198 2082 1272 2144 Ρ.
1323 2078 1492 2150 VII.
1544 2079 1724 2144 COS.
1765 2077 1901 2144 IV.
1945 2080 2027 2145 P.
2072 2079 2171 2143 M.
2226 2080 2303 2145 P.
2349 2081 2431 2146 P.

1316 2177 1672 2244 Aemiliano
1697 2222 1719 2254 ,
1767 2173 1953 2265 Baffo
1996 2176 2108 2263 cos.

1048 2375 1313 2437 Bellum
1350 2371 1700 2435 Valeriani
1726 2391 1877 2434 cum
1900 2367 2105 2433 Persis
2131 2417 2148 2447 ,
2199 2372 2478 2455 ejusque

954 2474 1200 2534 ducum
1234 2489 1385 2533 cum
1420 2466 1692 2549 Scythis
1726 2466 2118 2548 Bithyniam
2140 2512 2160 2543 ,
2231 2465 2475 2529 Moesi·

952 2587 1065 2629 am
1088 2611 1106 2642 ,
1186 2566 1562 2628 Thraciam
1624 2564 1947 2625 atrociter
2043 2562 2478 2630 vexantibus.

805 2670 813 2677 '
951 2666 1069 2745 (V.
1122 2657 1438 2742 ibidem.)

1239 2813 1430 2877 IMP.
1448 2810 2054 2881 VALERIANVS.
2076 2813 2246 2879 RF.
2271 2808 2471 2877 AVG.

1245 2908 1448 2991 Caput
1478 2907 1822 2973 radiatum.

948 3043 1193 3110 VICT.
1231 3042 1500 3105 PART.
1534 3040 1635 3104 vel
1681 3042 2180 3109 PARTHICA.
2256 3044 2468 3110 Victo·

943 3145 1238 3230 riastans
1274 3138 1334 3203 d.
1369 3137 1634 3223 clypeum
1656 3185 1675 3216 ,
1709 3138 1768 3227 s.
1823 3139 2137 3221 lauream,
2185 3163 2308 3225 pro
2357 3161 2467 3225 pe-

942 3239 1127 3306 dibus
1182 3237 1463 3325 captivus
1498 3233 1741 3323 sedem.
1818 3236 1964 3299 AR.
2020 3236 2227 3325 (Mus.
2277 3236 2468 3304 Caes.

848 3332 854 3337 ’
940 3332 1195 3418 Band.)

1037 3434 1171 3497 Hic
1192 3448 1432 3496 numus
1456 3429 1544 3493 ad
1566 3448 1814 3492 annum
1835 3429 2256 3513 praesentem
2282 3450 2463 3494 com.

2575 730 2871 799 lei-ianus
2905 754 2948 799 a
2987 730 3194 800 Persis
3237 738 3515 823 capitur.
3589 739 3694 826 (V.
3750 734 3892 802 infra
3931 739 3975 800 in

2578 830 2884 895 terminis
2926 832 3248 918 imperii.)
3965 819 3979 833 ⁹

2672 927 2783 989 Ad
2814 930 2955 1009 ejus
2997 931 3245 993 aetatis
3283 932 3674 1017 opprobria,
3721 952 3834 1016 qua
3861 951 3970 1014 opn-

2572 1018 2979 1086 lentissimae
3021 1026 3287 1109 imperii
3334 1029 3711 1114 provinciae
3755 1026 3976 1090 barbaris

2475 1154 2488 1165 -
2568 1115 2851 1202 impune
2879 1120 2949 1181 in
2987 1121 3315 1205 praedam
3354 1125 3620 1201 cessere,
3677 1123 3851 1188 {talia
3883 1121 3974 1205 ipsfl

2573 1230 2810 1275 eorum
2841 1216 3322 1283 vexationibus
3363 1222 3598 1305 patuit,
3648 1217 3880 1283 accessit
3901 1235 3972 1279 ex·

2570 1316 2900 1387 tremum,
2969 1332 3107 1395 qno
3153 1315 3409 1379 nullam
3474 1317 3685 1380 adhuc
3750 1317 3977 1378 Romano

2569 1407 2826 1469 nomini
2867 1406 3220 1488 funestius,
3286 1413 3651 1496 imperator
3692 1411 3808 1496 ipse
3848 1418 3978 1470 extra

2570 1498 2840 1584 imperii
2901 1503 3067 1569 fines
3123 1509 3306 1592 apud
3368 1508 3686 1573 barbaros
3736 1505 3977 1590 captivus.

2572 1595 2799 1676 Quam
2830 1601 3118 1687 indignis
3159 1604 3227 1667 in
3275 1624 3359 1668 ea
3415 1604 3782 1689 captivitate
3824 1594 3976 1662 modis

2568 1688 2644 1752 sit
2669 1691 2987 1774 habituS‚
3039 1699 3280 1763 ductus
3331 1703 3400 1765 in
3450 1699 3752 1787 triumphi
3796 1708 3976 1758 morem

2565 1806 2691 1871 per
2748 1791 2952 1856 urbes
3011 1796 3300 1859 amictus
3353 1798 3617 1884 imperii
3680 1788 3979 1876 infignibus.

2569 1896 2636 1946 et
2678 1887 2942 1953 onustus
2991 1894 3292 1970 catenis,
3359 1893 3740 1976 functusque
3790 1881 3979 1950 scabelli

2567 1983 2760 2064 vice,
2815 2006 2968 2051 cnm
3009 1989 3466 2055 conscendere
3515 2008 3739 2074 equum
3788 1988 3980 2069 pararet

2565 2077 2823 2166 Sapor,
2877 2106 2964 2147 ex
3013 2084 3303 2170 plurium
3363 2085 3740 2150 testimoniis
3800 2072 3980 2156 colligit

2563 2177 2628 2238 Τ
2633 2178 3069 2245 illemontius.
3125 2181 3303 2244 Inter
3349 2195 3456 2246 tot
3512 2193 3832 2261 tantasque
3865 2171 3982 2249 inju·

2561 2276 2701 2338 rias
2734 2289 2801 2339 et
2837 2275 3183 2341 fortunam
3221 2276 3686 2342 calamitosam
3720 2261 3978 2336 verifimile

2561 2368 2691 2450 est,
2743 2373 2912 2436 nihil
2946 2392 3163 2457 aeque
3207 2374 3488 2438 doluisse
3527 2372 3753 2435 misero
3779 2414 3796 2444 ‚
3836 2375 3979 2445 qqaffl
4105 2378 4106 2429 1

2562 2470 2747 2548 quod
2793 2469 3003 2533 filium
3057 2469 3428 2553 reliquerat
3468 2468 3852 2534 successorem
3888 2471 3980 2517 rec·
4105 2472 4106 2475 ¹

2558 2574 2915 2647 toremque
2949 2566 3263 2650 imperii,
3318 2587 3524 2650 quem
3564 2559 3801 2650 paterni
3834 2549 3983 2619 casm,

2555 2669 2883 2742 tanquam
2907 2659 3077 2723 haec
3111 2661 3201 2724 ad
3229 2662 3446 2726 fllium
3485 2682 3615 2726 non
3642 2657 3975 2746 pertinerent.

2556 2754 2742 2817 nulla
2783 2756 3112 2841 tangebat
3155 2759 3539 2836 miseratio,
3603 2772 3828 2839 neque,
3877 2756 3982 2806 cum

2554 2872 2677 2938 per
2710 2850 2949 2915 oblata
2985 2853 3294 2917 omnium
3344 2856 3819 2941 provinciarum
3856 2836 3984 2904 ³⁰¹5·
4107 2864 4108 2935 l

2553 2949 2648 3010 lia
2684 2948 2895 3032 posset
2918 2995 2937 3026 ,
2988 2962 3061 3012 ut
3096 2952 3312 3035 patris
3355 2954 3651 3016 dedecus
3675 2947 3853 3013 ultum
3881 2937 3983 3035 itet3

2553 3065 2840 3129 eumque
2895 3046 3183 3110 vinculis
3241 3049 3615 3125 eximeret,
3683 3043 3985 3130 pei-moven

2555 3141 2695 3203 ullo
2732 3152 2938 3225 pacto
2980 3154 3296 3227 poterat-
3357 3143 3549 3226 Quot
3602 3153 3797 3205 annos
3834 3133 3886 3194 in
3927 3138 3984 3183 e⁰

2552 3234 2717 3301 statu
2760 3240 3147 3320 duraverit,
3197 3240 3553 3305 incertum.
3606 3233 3879 3302 Tandem
3906 3237 3983 3324 οξ

2552 3334 2883 3398 coriatam
2931 3336 3162 3399 vivum
3211 3335 3427 3400 tradit
3481 3333 3824 3422 Agathias‚
3877 3314 3983 3403 (31¹¹

2546 3427 2714 3494 istud
2766 3429 2908 3515 post
2944 3441 3232 3493 mortem
3269 3429 3529 3496 factum
3569 3418 3902 3519 perhibent)
3939 3429 3984 3469 e·

937 3532 1141 3596 mode
1188 3530 1459 3593 videtur
1499 3522 1892 3590 referendus
1916 3551 1933 3600 ;
1988 3546 2145 3590 nam
2193 3526 2308 3588 sub
2333 3530 2465 3590 Va·
2539 3529 2782 3610 jusque
2816 3524 3126 3591 infelices
3168 3529 3455 3592 exuvias
3492 3552 3578 3592 ex
3609 3519 3819 3607 templi
3843 3506 3982 3578 thol⁰

935 3629 1178 3689 leriani
1216 3626 1285 3686 in
1334 3624 1605 3707 Syriam
1662 3623 2029 3686 adventum
2077 3623 2237 3685 satis
2302 3643 2462 3707 pro-

937 3722 1132 3803 spera
1184 3719 1460 3797 omnia,
1512 3732 1790 3806 recepta
1834 3718 2244 3795 Antiochia,
2313 3740 2462 3784 cae·

937 3819 1043 3878 sus
1082 3834 1127 3875 a
1164 3813 1292 3875 suis
1332 3813 1665 3895 Cyriades
1732 3815 2044 3902 princeps
2092 3815 2289 3895 hujus
2321 3817 2466 3879 bel·

935 3912 985 3973 li
1039 3907 1259 3985 causa,
1312 3911 1561 3993 quique
1596 3911 1808 3995 ipsum
1841 3910 2463 3997 Augustihonorem

940 4005 1323 4072 attentavit.

1287 4192 1371 4261 V.
1425 4195 1493 4260 C.
1532 4218 1677 4277 1⁰¹3
1710 4200 1788 4262 P.
1826 4198 1916 4264 X.
1960 4201 2116 4263 260.

996 4296 1134 4363 ΤΚ.
1169 4294 1244 4360 Ρ.
1292 4290 1503 4356 VIII.
1542 4291 1720 4355 COS.
1769 4292 1903 4359 IV.
1954 4295 2032 4357 Ρ.
2064 4295 2166 4362 M.
2206 4296 2281 4360 P.
2328 4295 2407 4359 P.

938 4391 1220 4463 Cornelio
1281 4387 1569 4452 Seculare
1607 4386 1709 4451 II.
1743 4433 1761 4463 ,
1829 4388 2017 4453 Iunio
2061 4390 2318 4479 Donato
2342 4389 2454 4476 ccff.
2508 4434 2522 4444 -

1034 4582 1190 4649 Hoc
1220 4547 1445 4661 ἀπο,
1490 4593 1569 4644 ut
1614 4578 1951 4668 plerisque
2014 4579 2264 4659 visum,
2318 4582 2455 4645 Va—

2546 3621 2913 3706 suspensaS,
2988 3635 3061 3686 ut
3135 3624 3336 3687 ess'ent
3389 3627 3632 3689 terrori
3687 3620 3834 3688 inis,
3905 3619 3986 3686 <1¹¹¹

2544 3718 2871 3781 hactenus
2913 3732 3244 3783 terrarum
3298 3721 3536 3785 orbem
3576 3731 3811 3787 terrore
3855 3715 3985 3767 ⁶0³¹·

2547 3814 2924 3899 pleverunt.
2951 3817 3107 3879 Fuit
3139 3817 3393 3899 judicio
3420 3814 3738 3881 Trebellii
3763 3799 3982 3868 vitrum·

2546 3931 2812 3975 marum
2851 3915 3171 3976 virtutum
3201 3959 3219 3989 ,
3305 3915 3554 3999 quique
3606 3917 3737 3992 jure
3779 3894 3984 3965 merito·

2544 4027 2734 4090 rum,
2788 4020 2855 4071 et
2889 4009 3070 4091 quasi
3115 4030 3201 4071 ex
3245 4012 3453 4073 totius
3503 4009 3683 4075 orbis
3737 4016 3852 4064 una
3891 3987 3984 4051 sen-

2542 4105 2756 4168 tentia
2778 4105 3159 4189 supremum
3192 4105 3523 4191 fastigium
3563 4090 3984 4188 conscenderat,

2543 4213 2617 4261 at
2654 4200 2916 4262 Victori
2957 4199 3252 4279 stolidus,
3307 4202 3718 4284 multumque
3747 4196 3893 4256 iners
3913 4178 3979 4240 ⁶¹·

2540 4309 2685 4357 ctus
2728 4292 2837 4355 est.
2931 4294 3404 4375 Crediderim,
3487 4300 3613 4361 hac
3661 4276 3982 4371 tempestate

2540 4402 2659 4452 aut
2710 4390 2927 4475 magis
2979 4394 3364 4478 prolapsam
3419 4413 3558 4458 rem
3627 4388 3983 4453 Romanam,

2540 4499 2658 4547 aut
2718 4491 3007 4566 majores
3084 4487 3273 4555 fuisse
3322 4490 3760 4554 barbarorum
3812 4474 3983 4576 vise-5·

2540 4602 2744 4667 quam
2782 4595 2857 4650 ut
2886 4585 3244 4652 adversum
3274 4586 3442 4652 haec
3463 4584 3643 4650 mala
3675 4567 3986 4642 remedsum
