4242 5459
1132 471 1873 615 ‘FAVSTINA
1968 535 2488 614 SENIOR.

301 753 377 805 ut
440 732 679 803 narrat
753 736 1221 823 Capitolinus,

298 838 375 898 in
432 835 659 898 numis
701 824 957 898 Aurelii
992 835 1178 898 nulla
1220 833 1298 898 fit
1333 837 1610 903 mentio.

1058 930 1091 963 ss

612 1022 706 1090 Vt
748 1022 839 1089 tit.
898 1026 965 1091 G.

302 1121 467 1187 Sine
494 1119 863 1205 epigraphe.
914 1122 1135 1187 Mater
1188 1117 1388 1185 Idaea
1457 1122 1624 1186 inter
1671 1119 1834 1188 duas

300 1217 508 1282 {ems
524 1216 745 1303 sedens
788 1219 856 1279 in
886 1220 1085 1298 .navi,
1154 1235 1339 1301 quam
1381 1216 1601 1281 mulier
1638 1238 1832 1284 manu

299 1313 402 1378 ad
423 1315 497 1400 se
534 1311 738 1377 trahit
770 1310 1152 1399 uastantibus
1190 1315 1499 1377 matronis
1554 1312 1724 1394 altis,
1774 1323 1835 1378 et

284 1409 480 1496 faces
500 1406 950 1476 attollentibus.
986 1408 1132 1476 ΑΕ.
1176 1428 1359 1473 max.
1397 1408 1580 1472 mod.
1630 1407 1827 1486 (Mus.

298 1501 620 1585 Albani.)

406 1599 707 1664 Exhibet
747 1597 1012 1684 infignis
1062 1596 1175 1662 hic
1217 1619 1456 1666 numus
1514 1601 1831 1663 decanta·

300 1709 459 1760 tam
504 1715 548 1758 a
582 1694 926 1759 veteribus
977 1714 1199 1757 rerum
1252 1696 1452 1762 Rom.
1496 1695 1835 1779 scriptori-

300 1791 440 1862 bus
490 1789 801 1854 fabulam
862 1788 1193 1853 Claudiae
1239 1789 1535 1871 Quintae
1581 1802 1832 1854 matro-

296 1907 442 1952 nae
507 1885 781 1962 nobilis,
832 1905 1007 1968 quae
1041 1885 1260 1949 illiciti
1294 1888 1547 1949 amoris
1576 1906 1694 1949 rea
1718 1887 1832 1950 diu

300 1984 629 2060 credita,
609 2013 615 2019 ·
684 1984 843 2045 dum
879 1971 1361 2045 adhaerentem
1404 1983 1588 2046 vado
1627 1982 1833 2045 Tibe·

294 2079 461 2143 rino
510 2080 779 2154 navim,
833 2096 970 2159 qua
1001 2087 1219 2140 mater
1254 2078 1465 2142 Idaea
1494 2078 1833 2141 Pessinun-

296 2186 376 2240 te
418 2175 716 2238 advecta
755 2175 1049 2237 Romam
1109 2173 1641 2262 deportabatur,
1711 2192 1836 2256 per

296 2256 370 2334 fe
409 2269 591 2347 sola,
638 2270 829 2333 nulla
855 2269 1081 2332 aliena
1102 2288 1235 2353 ope
1268 2269 1574 2346 attraxit,
1603 2280 1694 2331 et
1715 2287 1831 2352 pu·

296 2368 617 2434 dicitiam
669 2366 854 2429 suam
893 2364 1027 2427 hoc
1065 2365 1394 2428 miraculo
1430 2361 1830 2447 comproba

296 2462 451 2538 vit,
505 2462 588 2524 de
624 2480 762 2543 quo
825 2437 981 2523 vide
1040 2473 1310 2545 praeter
1365 2461 1539 2523 alios
1589 2458 1831 2522 Ovidi-

294 2578 464 2634 um,
520 2544 585 2637 1’)
632 2556 1127 2634 Herodianum,
1180 2556 1237 2638 ⁶)
1288 2556 1623 2618 Iulianum
1657 2559 1825 2640 Aug.

292 2644 367 2737 ὅ)
424 2664 568 2714 tum
615 2663 682 2717 et
715 2672 990 2716 numum
1028 2654 1245 2737 gentis
1292 2650 1645 2716 Claudiae.
1696 2648 1826 2713 Fa·

294 2763 491 2812 ctum
526 2747 691 2812 istud
739 2767 916 2811 anno
966 2751 1045 2812 V.
1072 2747 1148 2814 C.
1171 2761 1313 2830 549
1348 2793 1367 2823 ,
1420 2746 1827 2830 institutique

294 2858 454 2910 tum
484 2844 628 2907 ludi
657 2845 1034 2931 Megalesia,
1085 2844 1356 2907 nomine
1387 2843 1529 2928 ipso
1562 2842 1825 2927 religio-

289 2960 461 3006 nem
504 2953 854 3004 externam
895 2941 1261 3003 indicante.
1333 2938 1510 3002 Satis
1563 2938 1825 3015 causae,

293 3055 429 3101 cur
467 3037 847 3099 Antoninus
901 3048 1204 3098 veterum
1255 3035 1837 3097 caerimoniarum·

294 3132 535 3197 cultor
580 3133 933 3215 pertinaX,
986 3121 1161 3194 utin
1202 3134 1341 3209 ejus
1389 3144 1666 3193 moneta
1706 3129 1823 3191 fin-

294 3227 531 3313 gulari
569 3228 858 3291 articulo
894 3217 1531 3311 comprobavimus,
1579 3224 1825 3288 illustre

292 3322 478 3388 ifiud
509 3320 772 3389 factum
809 3324 874 3385 in
923 3342 1130 3386 numo
1168 3319 1555 3386 restitueret.

1049 3419 1080 3452 ἢ

596 3514 842 3580 Antica
876 3518 1134 3579 incerta.
1180 3599 1185 3604 .

290 3612 459 3679 Sine
476 3610 854 3696 epigraphe,
905 3613 1013 3697 nist
1040 3609 1185 3675 haec
1211 3613 1439 3675 vitiata
1474 3608 1569 3693 est.
1622 3608 1822 3672 Prae-

291 3708 453 3774 lt'nm
482 3707 803 3773 Romanos
844 3709 1049 3788 inter,
1098 3728 1172 3772 ac
1228 3707 1295 3772 V
1292 3708 1475 3792 olstos
1512 3702 1656 3766 duce
1702 3703 1823 3766 Co-

290 3805 553 3871 riolano
587 3803 667 3868 ab
699 3802 887 3887 {injus
925 3813 1159 3880 matre,
1208 3821 1447 3877 uxore,
1487 3796 1697 3863 liberis
1730 3797 1821 3862 dt-

288 3910 632 3984 temptum.
698 3899 840 3966 ΛΕ.
901 3920 1085 3964 max.
1155 3900 1336 3965 mod.
1378 3893 1619 3981 -(Mus.
1680 3914 1819 3979 reg.

296 3996 766 4155 Gageiebrata
794 4091 1096 4155 omnium
1140 4088 1547 4152 sermonibus
1584 4086 1822 4151 Corio·

290 4187 441 4252 lani
485 4185 783 4250 historia.
834 4187 1127 4249 Numum
1170 4184 1378 4268 ipsum
1423 4204 1691 4246 vererer
1713 4204 1818 4269 ge·

362 4397 422 4480 a)
464 4397 523 4447 in
564 4392 757 4446 Aurei.
792 4409 917 4464 cap.
958 4394 1040 4445 26.

284 4465 347 4530 e)
381 4468 443 4518 in
481 4461 631 4515 Febr
634 4464 807 4515 uario.
848 4478 1004 4531 ¹·703

394 4538 801 4623 (V01.V11.

1110 4343 1117 4346 -
1226 4389 1296 4458 b)
1326 4389 1468 4461 an.
1505 4391 1607 4443 IV.
1646 4409 1701 4451 v.
1736 4405 1858 4463 305.

3320 564 3407 629 41

1286 733 1347 820 e)
1384 737 1493 802 sed
1533 757 1823 825 quarum
1896 738 2119 803 nuinis
2160 727 2531 816 accensere,
2582 735 2694 801 nifi
2735 742 2872 819 ejus
2907 737 3074 803 fides
3105 740 3418 826 gravium

1899 853 2319 921 praeconum
2354 835 2763 900 auctoritate
2800 847 2946 899 tuta
2989 836 3165 902 effet.

2652 929 2685 962 ss

1903 1119 2058 1186 Sim
2128 1024 2676 1209 mZZZ-Am
2700 1125 2839 1188 cani
2867 1126 3145 1190 currenti
3175 1123 3434 1214 insidens

1904 1217 1965 1283 d.
2015 1218 2301 1305 sfirum,
2358 1219 2422 1307 s.
2482 1217 2737 1307 haftam.
2829 1219 2978 1295 ΑΕ.
3053 1221 3143 1290 11.
3223 1221 3433 1310 (Mur.

1909 1310 2216 1398 Theup.)

2004 1409 2550 1494 Explicationem
2583 1410 2734 1494 typi
2772 1422 2925 1493 pete
2963 1432 3046 1475 ex
3075 1410 3261 1480 timisi
3306 1432 3431 1478 nu·

1908 1524 2024 1567 mo
2059 1505 2528 1592 anepigrapho
2575 1506 2907 1570 Hadriani
2955 1508 3110 1573 Vol.
3146 1508 3299 1575 VII.
3357 1529 3428 1599 p.

1908 1619 2074 1682 5¹2·

2210 1691 2302 1760 Vs
2337 1694 2428 1762 tit.
2459 1696 2551 1761 A.

1909 1788 2257 1856 SOVSTI.
2295 1790 2363 1857 S.
2392 1789 2468 1858 C.
2522 1793 2701 1858 Ceres
2744 1793 3002 1880 insistens
3026 1793 3218 1880 globo
3245 1804 3427 1862 utra-

1906 1905 2021 1972 que
2050 1908 2240 1952 manu
2274 1887 2483 1973 facem
2538 1899 2717 1954 tenet.
2769 1889 2914 1953 AE.

2004 1982 2325 2045 Proditur
2348 1983 2460 2046 hic
2498 2005 2738 2048 numus
2769 1984 2834 2045 in
2873 1984 3227 2048 Memoriis
3257 1986 3425 2051 Tre·
3492 2051 3497 2056 .

1907 2075 2342 2141 voltieniibus
2376 2099 2463 2143 ex
2498 2080 2723 2145 museo
2747 2081 2833 2150 P.
2869 2078 3276 2146 Chamillart
3309 2083 3427 2147 ad-

1908 2173 2067 2236 ditis
2095 2173 2442 2236 variorum
2467 2176 2881 2238 eruditorum
2901 2176 3197 2257 judiciis,
3248 2197 3429 2260 quae

1902 2270 2045 2346 jam
2083 2285 2284 2329 nemo
2310 2268 2504 2332 sanus
2537 2283 2654 2333 aut
2680 2289 2815 2332 non
2846 2270 3089 2347 rideat,
3129 2283 3249 2336 aut
3287 2292 3427 2335 non

1911 2359 2380 2426 stomachetur.
2456 2369 2507 2440 ε)
2593 2366 2820 2428 Minus
2866 2365 3055 2428 anxii
3109 2363 3428 2432 hodierni

1909 2456 2156 2519 eruditi
2177 2453 2370 2522 Gaui
2403 2460 2471 2522 in
2499 2479 2582 2523 eo
2621 2457 2807 2524 haud
2842 2458 3045 2522 dubie
3078 2457 3424 2525 infelicem

1908 2552 2226 2615 abortum
2266 2553 2493 2639 ignavi
2532 2555 2800 2640 pecoris
2838 2557 3196 2619 monetarii
3225 2556 3421 2620 vide-

1906 2646 2107 2724 bunt,
2160 2652 2345 2730 cujus
2382 2652 2643 2736 generis
2673 2653 2814 2732 jam
2854 2652 3054 2738 plura
3093 2649 3420 2718 hactenus

1904 2743 2195 2809 monstra
2241 2748 2474 2811 videre
2515 2748 2818 2835 contigit.

2197 2939 2396 3004 Numi
2441 2942 2760 3005 commatis
2779 2943 3138 3026 peregrino&

2008 3031 2281 3101 Vrbium
2309 3034 2645 3100 liberarum
2674 3039 2859 3100 numi
2891 3035 3139 3101 Graeci
3171 3055 3420 3121 nequa·

1868 3179 1875 3186 .
1905 3150 2109 3213 quam
2161 3150 2407 3215 magno
2441 3151 2721 3195 numero
2758 3132 3141 3208 habentur,
3188 3135 3419 3212 crede,

1907 3226 2091 3310 quod
2126 3239 2386 3286 mature
2408 3226 2587 3289 diem
2622 3227 2879 3307 obivit,
2932 3248 3149 3312 neque
3187 3228 3260 3292 hi
3300 3229 3421 3292 ali·

1906 3321 2069 3405 quid
2110 3321 2198 3383 ad
2249 3324 2386 3400 ejus
2405 3320 2767 3387 ,historiam
2812 3322 3187 3389 conferunt.

2000 3416 2294 3479 Numum
2340 3415 2524 3479 urbis
2569 3418 2909 3497 incertae,
2979 3420 3047 3481 in
3093 3438 3228 3499 quo
3280 3421 3421 3501 ejus
3523 3408 3530 3413 ’

1905 3509 2081 3574 filius
2115 3510 2427 3574 Galerius
2455 3514 2773 3596 jungitur,
2817 3533 2980 3576 mox
3012 3513 3418 3596 producam.

2004 3606 2397 3672 Coloniarum
2439 3609 2622 3667 numi
2660 3607 3055 3690 parcissimi,
3112 3618 3178 3668 et
3220 3605 3420 3669 solius

1904 3701 2211 3765 Corinthi
2293 3720 2497 3764 unum
2555 3698 2801 3764 inferre
2876 3701 3100 3787 potuit
3157 3700 3418 3764 sedulus

1904 3796 2333 3861 VaillanttuS.

2006 3893 2485 3960 Alexandrinus
2505 3896 2646 3977 ejus
2673 3892 2877 3957 vivae
2894 3914 3064 3959 unus
3093 3894 3421 3959 hactenus

1905 4004 2290 4074 compertus
2313 4010 2466 4052 cum
2502 3991 2577 4053 L.
2609 3990 2717 4067 C„
2757 3993 2895 4070 ejus
2931 4006 3237 4054 mortuae
3282 4009 3419 4053 non

1908 4086 2136 4171 plures
2165 4086 2384 4163 bime,
2439 4100 2556 4150 aut
2591 4085 2807 4149 tribus
2841 4105 2992 4150 cum
3023 4089 3266 4151 eodem
3301 4105 3420 4197 an-

1908 4201 2039 4259 no,
2093 4202 2264 4266 quos
2305 4182 2462 4246 vide
2493 4183 2607 4246 suo
2642 4183 2823 4247 loco.

2669 4347 2674 4352 ¹
2775 4390 2837 4462 d)
2886 4389 3041 4447 Orat.
3078 4392 3154 4454 V.
3187 4408 3254 4462 p.
3298 4407 3413 4460 ¹59·

2973 4536 3030 4623 1⁴]

2053 4395 2103 4460 e)
2144 4395 2202 4445 ἰιι
2239 4388 2568 4484 Commodo.
