4242 5459
829 586 981 666 364

805 793 958 840 rum
986 769 1267 835 valeant
1294 760 1557 829 Daciae
1601 756 1826 834 numi,
1895 766 1969 819 ut
2014 754 2085 833 in
2129 752 2326 837 hujus

801 880 1084 936 moneta
1138 862 1405 950 prolixe
1453 853 1793 943 probavi,
1858 864 2093 915 tamen
2129 870 2327 935 prae-

802 967 948 1045 sens
992 979 1234 1026 numus
1296 956 1445 1043 plus
1474 952 1661 1017 valet
1699 961 2105 1035 propterea,
2159 964 2324 1029 qno·

802 1065 992 1127 niam
1028 1064 1168 1138 ejus
1211 1052 1451 1119 aversa
1495 1064 1928 1131 nequaquam
1973 1064 2060 1106 ex
2132 1054 2326 1104 ante-

803 1158 1106 1224 cedentis
1154 1147 1587 1237 imperatoris
1622 1143 1902 1206 matrice
1937 1134 2323 1222 Aemiliano

805 1252 1142 1340 applicari
1183 1247 1446 1335 potuit,
1502 1261 1677 1326 quae
1730 1237 1874 1300 fere
1918 1235 2116 1299 unica
2195 1229 2328 1296 fuit

799 1352 982 1415 ratio
1019 1360 1122 1413 tot
1182 1362 1488 1409 errorum
1528 1341 1596 1402 in
1625 1335 1889 1400 Daciae
1929 1341 2227 1394 moneta.

895 1449 1088 1512 Haec
1131 1443 1479 1522 utriusque
1504 1432 1846 1521 opinionis
1885 1426 2328 1491 incommoda

801 1564 959 1608 cum
990 1543 1255 1609 videret
1306 1532 1781 1604 Mazzolenus‚
1863 1525 2047 1587 suam
2103 1521 2325 1584 rursus

802 1636 1185 1705 doctrinam
1222 1633 1587 1720 proponit,
1641 1625 1730 1689 ab
1763 1623 1905 1697 his,
1961 1631 2032 1682 ut
2068 1617 2326 1681 [ibimet

796 1737 919 1823 ipsi
944 1734 1286 1821 palpatur,
1339 1723 1656 1790 molestiis
1692 1731 1910 1782 totum
1933 1717 2323 1789 immune.³)

797 1834 982 1899 Nam
1015 1848 1145 1916 pro
1194 1835 1471 1908 recepto
1514 1813 1628 1882 suo
1654 1814 2051 1901 ‘tribunatus
2094 1829 2323 1873 nume·

795 1928 997 1995 randi
1041 1924 1293 1997 modo,
1346 1938 1546 2002 quem
1602 1912 1770 1977 alibi
1820 1909 2025 1972 latius
2072 1924 2321 1991 propo-

798 2042 1083 2099 nemus,
1135 2015 1614 2083 Trebonianus
1656 2011 1927 2072 ineunte
1956 2001 2323 2067 Decembri

801 2102 990 2199 {004
1032 2120 1250 2182 dictus
1314 2107 1640 2198 Augustus
1690 2103 2109 2185 tribunatum
2158 2117 2326 2160 mox

792 2217 1073 2285 iteravit
1108 2214 1218 2277 die
1258 2211 1351 2293 „X-
1401 2208 1701 2290 ejusdem
1758 2197 2018 2264 menfis.
2126 2198 2322 2304 Anno

792 2325 1100 2382 vertente
1135 2309 1293 2374 trib.
1340 2301 1740 2392 potestatem
1770 2297 1909 2361 111.
1964 2291 2054 2358 est
2097 2292 2323 2377 auspi-

793 2425 1011 2479 catus.
1064 2409 1397 2491 Sequente
1422 2420 1605 2467 anno
1651 2397 1831 2460 1006
1866 2389 2085 2455 mense
2127 2388 2322 2451 lunio

791 2505 1163 2573 rebellavit
1199 2499 1638 2567 Aemilianus.
1693 2490 2019 2556 Caeditur
2050 2484 2322 2585 Treboj

789 2607 1037 2671 nianus
1078 2599 1344 2666 circiter
1379 2602 1666 2658 exeunte
1688 2583 2104 2661 Novembri,
2160 2599 2316 2644 cum

789 2700 1019 2788 parati
1065 2699 1208 2779 jam
1267 2692 1471 2756 ess'ent
1534 2685 1722 2749 numi
1789 2680 2138 2745 tribunatu
2195 2676 2312 2784 Iis.

788 2796 1058 2869 notati,
1113 2800 1178 2853 et
1214 2790 1322 2852 die
1364 2786 1446 2852 X.
1504 2776 1905 2846 Decembris
1959 2770 2313 2857 erogandi.

786 2889 1033 2954 Paullo
1084 2882 1230 2968 post
1310 2880 1582 2943 labente
1662 2872 1888 2936 adhuc
1945 2865 2315 2933 Decembri

788 2983 1099 3050 caeditur
1136 2994 1408 3061 quoque
1464 2969 1928 3047 Aemilianus,
1988 2976 2061 3027 et
2105 2960 2314 3027 Vale·
2353 3044 2354 3047 Ἴ

738 3056 747 3065 ’
782 3078 964 3148 :iani
1010 3071 1385 3140 consulatui
1426 3069 1517 3133 ad
1567 3063 1922 3151 proximas
1960 3059 2338 3124 Kalendas'

782 3181 932 3245 Ian.
968 3159 1197 3238 locuni
1235 3167 1430 3235 facit.
1501 3159 1920 3228 Sententiam
1960 3155 2144 3221 fitam
2184 3152 2311 3217 sta-

782 3275 984 3341 bilire
1023 3269 1256 3335 nititur
1289 3265 1582 3351 primum
1607 3255 1826 3323 numis
1849 3251 2217 3319 viminacii
2244 3261 2314 3314 et

781 3371 1093 3451 Daciae,
1144 3363 1388 3429 deinde
1447 3375 1659 3423 numo
1711 3351 2077 3416 Aemiliani
2145 3345 2307 3413 Ale-

780 3466 1122 3534 iandrino
1171 3480 1327 3526 cum
1362 3455 1565 3520 ‘anno
1620 3451 1715 3528 B,
1772 3449 1889 3534 qui
1952 3465 2166 3511 annus
2217 3443 2306 3509 11.

780 3567 979 3631 inivit
1011 3563 1125 3625 die
1159 3561 1244 3623 X.
1281 3549 1680 3619 Decembris
1723 3565 1858 3609 una
1902 3564 2056 3607 cum
2096 3540 2305 3603 tribu·

779 3674 949 3725 natu
1003 3660 1276 3721 iterato.
1364 3650 1680 3731 Denique
1742 3639 2112 3727 pervenisse
2170 3642 2307 3700 Ae-

779 3753 1132 3822 milianum
1179 3751 1269 3812 ad
1316 3746 1472 3810 Kal.
1526 3744 1671 3809 Ian.
1718 3740 1880 3802 anni
1932 3734 2304 3820 sequentis,

782 3862 905 3917 aut
936 3846 1248 3933 proxime
1283 3842 1516 3905 saltem
1557 3839 1649 3901 ad
1685 3853 1802 3898 eas
1826 3829 2165 3897 accessiss'e
2183 3830 2303 3893 ad-

778 3945 939 4011 serit
975 3953 1255 4027 propter
1288 3954 1531 4001 numos
1588 3929 1963 3994 Aemiliani
1997 3927 2304 3991 Vimina-

780 4043 869 4109 cii
920 4057 1073 4102 cum
1139 4053 1320 4097 anno
1366 4030 1554 4097 v111.
1619 4025 1953 4111 signatos,
1982 4021 2139 4109 ‚qui
2196 4041 2298 4085 re·

778 4126 1064 4227 spondet
1103 4148 1283 4194 anno
1327 4129 1408 4192 V.
1464 4124 1544 4188 C.
1595 4136 1797 4205 ¹0⁰7·
2080 4215 2098 4229 ο

877 4230 1082 4315 Quod
1124 4219 1600 4289 facere‘solent
1648 4217 1934 4292 medici,
1987 4236 2101 4301 qui
2145 4232 2299 4276 cum

781 4332 869 4395 de
902 4318 1287 4411 languentis
1316 4315 1706 4380 valetudine
1738 4302 2121 4395 desperant,
2159 4307 2299 4417 nul·

781 4426 922 4491 lum
959 4441 1092 4484 non
1126 4415 1499 4482 remedium
1540 4418 2128 4495 quantumcunque
2153 4423 2303 4468 vio-

1880 514 2887 631 TREssomAst'.

2407 750 2661 815 lentum
2717 751 3128 837 permiss'um'
3166 749 3283 816 fibi
3341 755 3797 836 arbitrantur,
3873 758 3944 825 id

2411 846 2641 911 facere
2678 865 2955 931 quoque
2990 848 3431 914 Mazzolenus
3478 854 3545 914 in
3587 853 3941 936 desperata

2408 942 2527 1007 sua
2563 942 2764 1007 causa
2808 942 3102 1017 instituit,
3188 944 3504 1011 Modicus
3560 969 3681 1011 ero
3727 951 3800 1013 in
3856 943 3954 1015 eo’

2405 1037 2767 1103 refutando
2815 1030 2994 1102 cum‘
3022 1052 3299 1126 propter
3346 1042 3705 1108 brevitatis
3761 1046 3934 1111 infli-

2404 1147 2658 1213 tutum,
2710 1128 2853 1199 tum
2884 1138 3069 1220 quod
3108 1141 3476 1223 generatim
3524 1144 3664 1223 eius
3692 1142 3777 1203 de
3809 1145 3934 1206 ite-

2403 1244 2557 1295 rata
2604 1232 2722 1297 1v.
2769 1232 2921 1295 idus
2982 1233 3150 1301 Dec.
3221 1234 3377 1298 trib.
3435 1233 3765 1321 potestate
3809 1239 3931 1304 do·

2403 1329 2623 1405 ctrina
2659 1328 2958 1392 laborat.
3179 1412 3185 1417 ἢ

2497 1423 2552 1487 1.
2605 1424 2826 1487 Nemo
2862 1424 2995 1488 non
3029 1420 3243 1504 ridet,
3293 1422 3383 1490 ad
3414 1426 3769 1492 arbitrium
3803 1420 3924 1495 sin-⁶

2402 1521 2504 1605 gi,
2561 1521 2868 1605 quod‘de
2903 1521 3158 1600 numis‚
3212 1523 3330 1605 qui
3382 1522 3563 1590 Galli
3616 1526 3920 1590 tribuna-

2401 1628 2542 1679 tum
2575 1616 2691 1707 lV.
2731 1614 3126 1702 praeferunt
3153 1665 3173 1696 ,
3227 1618 3483 1683 dudum
3518 1606 3770 1707 paratis
3794 1623 3930 1699 ad-,

2398 1711 2569 1776 serit.
2671 1713 2990 1777 Dandum
3081 1708 3267 1779 forte
3308 1713 3518 1795 istud,
3563 1715 3629 1779 ·fi
3721 1714 3929 1799 hujus‘

2399 1811 2659 1892 generis
2719 1828 2888 1872 unus
2936 1810 3197 1901 alterve
3253 1823 3518 1876 tantum
3577 1810 3924 1892 existeret,

2398 1924 2635 1969 verum
2672 1904 2861 1969 aliud
2900 1918 3131 1992 aperte
3183 1905 3418 1972 suadet
3467 1909 3713 1973 horum
3779 1909 3920 1988 insi,-

2398 2000 2545 2087 gnis
2583 2021 2916 2087 numerus.
3015 2002 3101 2068 11.
3168 2005 3440 2067 Novum
3491 2006 3582 2069 ad
3648 2006 3918 2069 causam

2399 2096 2989 2182 comprobandam
3050 2098 3556 2164 Alexandrinae
3583 2101 3919 2187 ‘epochae

2399 2193 2733 2257 calculum
2791 2184 3163 2283 constituit,
3236 2198 3392 2259 dum
3449 2197 3645 2279 hujus
3710 2218 3924 2262 annos

2399 2290 2492 2354 ad
2532 2290 2866 2354 rationem
2902 2290 3058 2359 trib.
3090 2284 3441 2376 potestatis
3481 2291 3672 2357 fuiss‘e
3724 2314 3921 2358 exac-

2396 2400 2505 2450 tos
2541 2386 2921 2472 praedicat,
2974 2382 3158 2471 quod
3187 2402 3653 2474 argumentum
3689 2390 3761 2453 in
3782 2410 3926 2455 mo·

2393 2494 2555 2546 neta
2663 2480 3127 2547 Alexandrina
3239 2486 3509 2571 copiose
3604 2488 3921 2551 tractavi.

2394 2585 2484 2643 At
2512 2579 2697 2641 enim
2738 2579 2897 2640 dum
2944 2582 3291 2645 variorum
3328 2583 3592 2645 dictata
3646 2596 3924 2663 everto,

2394 2675 2580 2758 quod
2616 2671 2856 2751 facile,
2920 2688 3113 2740 erunt
3138 2725 3159 2756 ,
3211 2677 3325 2761 qui
3358 2680 3698 2763 aptiorem
3733 2698 3779 2741 a
3813 2699 3920 2742 me

2393 2770 2818 2845 doctrinam,
2888 2774 3240 2858 magisque
3310 2774 3912 2838 adcommodatam

2392 2866 2482 2930 ad
2517 2867 2866 2942 ‚rationem
2902 2878 3288 2954 temporum
3327 2891 3368 2933 a
3409 2891 3517 2933 me
3550 2871 3911 2954 requirent,

2391 2962 2579 3046 quod
2619 2963 2689 3026 in
2723 2982 2807 3025 ea
2849 2962 3136 3048 caligine
3164 3013 3185 3043 ,
3238 2987 3593 3030 numorum
3630 2971 3769 3046 ejus
3805 2986 3913 3030 ae·

2387 3060 2551 3122 tatis
2589 3078 2724 3122 non
2763 3077 2919 3123 raro
2958 3061 3279 3143 pervertis
3312 3062 3613 3149 legibus,
3663 3060 3924 3147 historiq

2390 3174 2660 3234 corum,
2747 3144 2925 3238 'quos
2979 3154 3329 3222 historicos
3387 3176 3545 3222 vere
3614 3159 3911 3234 dixeris,

2387 3252 2667 3338 inopia,
2720 3270 3132 3335 eorumque,
3183 3255 3297 3339 qui
3356 3254 3741 3339 supersunt,
3793 3275 3910 3339 pu·

2388 3347 2748 3434 gnantibus
2819 3347 3157 3412 sententiis
3220 3347 3555 3435 praestare
3605 3363 3672 3414 te
3731 3351 3912 3436 poss‘e

2389 3444 2591 3529 plane
2632 3434 2966 3527 desperes,
3044 3445 3134 3507 Vt
3178 3459 3409 3509 tamen
3445 3446 3726 3532 aliquod
3766 3466 3911 3509 me-

2389 3560 2502 3602 um
2556 3541 2887 3624 specimen
2925 3539 3165 3615 edam,
3220 3547 3361 3625 ejus
3410 3544 3741 3626 temporis
3805 3562 3908 3605 ra-

2388 3637 2643 3699 tionem
2694 3655 2816 3719 per
2877 3636 3268 3719 probabiles
3336 3641 3755 3720 conjecturas
3825 3658 3914 3715 ex

2388 3733 2608 3796 numis
2648 3720 3008 3806 definiam,
3060 3730 3143 3797 lic
3193 3746 3468 3810 tamen,
3521 3746 3594 3797 ut
3645 3734 3914 3798 Daciae

2390 3848 2474 3892 ac
2515 3829 2880 3892 viminacii
2914 3845 3190 3908 numos,
3247 3832 3400 3920 ςυί,
3453 3841 3526 3891 ut
3545 3832 3618 3894 in
3660 3830 3906 3894 horum

2387 3937 2666 3989 moneta
2702 3924 3188 4009 comprobavi,
3237 3927 3552 4013 spectatis
3601 3927 3914 4010 epochae

2386 4023 2579 4085 annis
2614 4021 2812 4103 saepe
2854 4023 3140 4106 turpiter
3170 4021 3572 4099 fallunt,‘in
3608 4036 3756 4091 tota
3774 4022 3914 4089 hac

2385 4117 2585 4181 causa
2619 4117 2738 4180 vix
2773 4115 3161 4182 audiendos
3196 4131 3449 4204 putem.
3935 4115 3946 4125 ”

2481 4215 2611 4294 'Ajo
2647 4210 2872 4296 igitur,
2925 4212 3347 4279 Treboniani
3380 4206 3741 4300 imperium
3775 4216 3910 4282 sese

2387 4327 2628 4371 revera
2662 4310 2730 4369 in
2762 4325 3010 4369 aunum
3060 4313 3137 4376 V.
3177 4311 3254 4376 C.
3310 4329 3490 4394 1002
3527 4313 3600 4375 P.
3642 4316 3721 4378 X.
3768 4326 3919 4397 254

2387 4404 2731 4488 porrigere
2761 4402 3192 4471 suadentibus
3253 4406 3419 4471 istud
3462 4411 3604 4492 ejus
3647 4429 3733 4474 ac
3773 4412 3914 4475 Vo-

793 4544 3935 4589 ..h—m

858 4633 922 4703 a)
959 4626 1265 4687 Animadv.
1302 4625 1373 4684 de
1395 4604 1536 4688 ἀΰ»,
1560 4630 1689 4716 pot.
1722 4636 1785 4693 p.
1827 4631 1941 4687 ²74·
1985 4670 1989 4675 ,
