4242 5459
827 571 965 684 2‘73
1077 621 1084 626 ,
1594 583 2446 663 ALEXANDER
2545 585 3181 664 snvnnvs.

830 791 1103 880 gratia,
1156 787 1226 851 in
1275 785 1575 852 omnium
1609 787 1768 851 ess'et
1808 785 2198 865 amoribus,
2254 788 2355 851 ita
2437 787 2958 877 Soigradt’ensd.
2985 787 3184 870 elata,
3216 788 3277 879 s.
3292 788 3635 878 fingentum,
3684 792 3967 864 inomni

831 902 899 954 et
938 886 1244 968 sobrius,
1293 896 1362 947 et
1392 883 1679 969 frugalis
1714 884 1782 946 in
1820 885 2052 960 victu,
2106 896 2175 946 et
2206 903 2353 947 cor·
2439 886 2724 950 metallo
2767 898 2834 949 et
2873 883 3124 949 forma.

825 987 1017 1074 poris
1061 981 1288 1055 cultu,
1339 982 1407 1044 in
1449 981 1811 1044 tractanda
1846 978 2237 1063 republica,
2291 997 2358 1044 et
2536 983 2744 1045 Numi
2779 1000 2930 1044 cum
2971 983 3100 1046 hac
3131 982 3292 1046 trib.
3328 981 3657 1070 potestate
3693 1004 3833 1048 non
3857 987 3957 1048 in-

827 1075 1360 1149 administranda
1388 1077 1777 1161 tuendaque
1812 1072 2060 1156 justitia
2095 1074 2356 1139 adfidu·
2437 1077 2827 1163 frequentes
2853 1125 2874 1154 ,
2924 1092 3155 1142 tamen
3191 1081 3275 1143 de
3332 1079 3472 1144 alio
3517 1080 3796 1145 aversae
3848 1093 3953 1165 ty-

831 1200 936 1245 ιιε.
989 1177 1176 1240 Acer
1207 1175 1274 1237 in
1318 1171 1719 1237 restituenda
1755 1171 2035 1234 militari
2067 1171 2354 1258 discipli·
2435 1195 2529 1262 po
2575 1194 2714 1238 non
2749 1172 3024 1242 constat.

829 1296 921 1340 na
949 1321 969 1353 ,
1021 1292 1225 1357 quam
1266 1269 1625 1355 Elagabali
1663 1268 1990 1332 vecordia
2025 1271 2352 1353 corrupit,

826 1373 1128 1458 legiones
1178 1370 1513 1452 integras,
1566 1384 1719 1428 cum
1778 1358 2169 1446 obsequium
2226 1368 2351 1428 de·
2636 1440 2642 1444 ἢ
2919 1366 2998 1434 N
3006 1369 3174 1433 ωηο·
3266 1370 3494 1454 vagi.

824 1464 1250 1545 trectabant,
1317 1460 1816 1527 exauctoravit.
1923 1459 2350 1546 Religionem

830 1564 1081 1630 eximie
1118 1560 1372 1642 coluit,
1442 1557 1554 1621 sed
1601 1554 2015 1667 promiscue3
2082 1576 2245 1619 nam
2301 1555 2347 1621 fi
2528 1559 2793 1624 Horum
2835 1560 3066 1646 ingens
3095 1578 3411 1625 numerus
3454 1560 3624 1626 raris
3670 1561 3959 1630 aversae

826 1661 1000 1726 fides
1068 1656 1531 1741 Lampridio,
1625 1652 1690 1735 ⁸)
1761 1655 1828 1716 in
1893 1651 2149 1715 larario
2229 1653 2343 1716 sno
2430 1657 2657 1744 typis,
2706 1656 2822 1720 nili
2856 1656 3105 1719 obviis,
3159 1655 3390 1738 Quare
3418 1654 3953 1723 nonnifiillustri-

825 1768 1098 1844 praeter
1135 1752 1408 1836 cognita
1448 1751 1587 1832 iam
1641 1750 1918 1811 numina
1971 1746 2344 1832 Christum,
2434 1773 2587 1817 ores
2641 1771 2729 1816 ex
2770 1754 2954 1816 omni
2997 1752 3264 1838 agmine
3306 1753 3441 1819 hoc
3481 1754 3637 1819 loco
3703 1751 3955 1822 descri-

739 1871 751 1884 ·
830 1850 1342 1925 Abrabamum,
1425 1844 1818 1932 Orpheum,
1900 1843 2344 1929 Apollonium
2429 1848 2673 1913 bentur
2749 1849 3010 1911 omissis
3098 1847 3398 1934 reliquia.
3513 1850 3647 1913 Pro
3701 1847 3993 1914 horum·

827 1933 1254 2033 Tyanensem
1278 1940 1602 2029 repositos
1618 1941 1895 2017 habuit,
1948 1951 2169 2003 matre
2193 1943 2342 2003 Ma
2430 1956 2662 2011 aetate
2687 1947 2984 2008 eruenda
3018 1964 3152 2008 non
3204 1966 3445 2030 parum
3486 1942 3792 2012 conseret
3825 1945 3958 2010 ob-

827 2063 1033 2110 maea
1056 2040 1241 2106 haud
1276 2040 1480 2104 dubie
1522 2040 1611 2101 ad
1649 2035 2025 2101 Christiana
2063 2037 2343 2122 dogma·
2430 2041 2699 2105 servare
2741 2040 3206 2126 inscriptiones
3251 2043 3496 2128 capitis
3525 2086 3546 2119 ,
3596 2059 3769 2125 quaa
3827 2061 3955 2128 per

826 2157 901 2207 ta
946 2141 1298 2215 hortante,
1348 2154 1556 2221 quam
1612 2131 1804 2195 fuisse
1856 2129 2346 2212 Christianam,
2429 2134 2836 2211 intervalla,
2890 2147 2957 2198 et
3003 2147 3190 2201 certa
3235 2136 3383 2224 lege
3415 2137 3702 2202 variass'e
3732 2134 3953 2224 ‘supra

828 2252 902 2304 ut
936 2240 1005 2301 in
1048 2239 1187 2317 ejus
1224 2236 1372 2297 vita
1421 2232 1763 2307 dicemus,
1828 2231 2077 2314 passim
2127 2231 2346 2294 credi·
2430 2235 2500 2297 in
2548 2252 2907 2296 numorum
2974 2231 3271 2317 ipsorum
3334 2233 3777 2322 descriptione
3841 2234 3953 2300 vi·

825 2350 990 2400 tum.
1041 2334 1220 2395 Tam
1262 2327 1619 2416 praeclaro
1658 2326 1949 2413 principi
2001 2325 2150 2412 ipsa
2210 2327 2344 2390 vir-
2428 2330 2674 2398 dimus.

823 2449 971 2513 tua,
1020 2429 1133 2492 sed
1202 2447 1378 2511 quae
1443 2423 1611 2512 fipes
1664 2422 1986 2500 excessit,
2054 2423 2340 2486 exitium
2996 2477 3029 2506 ¹„
3175 2419 3208 2459 ‘
3356 2476 3387 2509 ‚

827 2528 1053 2592 attulit
1072 2549 1091 2600 ;
1163 2523 1479 2587 nimirum
1523 2540 1675 2585 cum
1718 2531 1998 2605 propter
2052 2520 2339 2583 incredi·
2424 2514 2527 2590 A.
2630 2533 2635 2538 “
2712 2521 2905 2584 ῙΜΡ.
2961 2520 3207 2586 CAES.
3278 2524 3383 2586 M.
3459 2524 3672 2591 AvR.
3753 2522 3955 2594 SEV.

736 2701 744 2708 ‚
820 2624 1032 2689 bilem
1079 2623 1147 2684 in
1197 2632 1486 2684 matrem
1534 2618 1863 2702 pietatem
1926 2615 2134 2678 etiam
2200 2615 2339 2678 illis
2713 2617 3178 2684 ALEXAND.
3210 2615 3421 2686 AvG.
3475 2619 3677 2705 Caput
3704 2619 3957 2687 lauret&
4028 2631 4041 2641 ·

828 2726 966 2803 eJus
1001 2717 1288 2783 con-filiis
1345 2734 1607 2779 morem
1664 2712 1987 2776 continuo
2033 2723 2338 2796 gereret,
2712 2721 2866 2779 tum

824 2837 1000 2902 quae
1046 2812 1181 2901 ipse
1214 2814 1434 2878 minus
1469 2832 1505 2874 e
1558 2830 1703 2895 rep.
1756 2807 1908 2872 fore
1960 2807 2337 2888 intellexit,
2423 2809 3255 2876 AETERNITATIBVS.
3357 2811 3596 2878 Mulier
3657 2815 3833 2907 flans
3880 2815 3950 2880 d.

827 2926 1031 2994 atque
1069 2910 1201 2972 hac
1235 2909 1551 2971 suadente
1588 2903 2036 2993 parsimoniae
2100 2906 2337 2968 intem·
2417 2906 2721 2992 globum,
2753 2906 2813 2993 s
2854 2908 3081 2976 invuixa
3143 2906 3455 2974 columnae
3476 2910 3785 2996 spiculum
3823 2927 3955 2996 ge-

818 3005 1075 3095 pefiive
1142 3003 1473 3080 studeret,
1524 3021 1842 3088 magnum
1892 3001 2183 3066 rnilitum
2218 3021 2337 3064 nu
2399 3005 2561 3092 flat.
2613 3003 2759 3071 AR.
2811 3003 3088 3090 (vain.)
3362 3013 3367 3018 ’
3946 3037 3961 3044 —

819 3123 1083 3170 merum
1111 3150 1131 3181 ,
1183 3119 1470 3185 quorum
1516 3118 1601 3162 ea
1659 3109 1888 3163 aetate
1937 3096 2338 3161 insatiabilia
2522 3100 2718 3162 Haec
2760 3098 3036 3165 aversae
3080 3100 3451 3189 epigraphe
3493 3103 3667 3167 inter
3707 3103 3957 3169 adcla-

816 3200 953 3265 fuit
994 3199 1375 3287 cupiditaS,
1429 3196 1517 3261 ab
1556 3194 1621 3258 se
1650 3196 1920 3261 avertit.
1971 3194 2149 3257 Sane
2185 3212 2341 3257 cum
2424 3196 2762 3259 mationes
2799 3197 3327 3283 imperatoribus
3378 3198 3524 3263 fieri
3564 3200 3797 3264 solitas
3844 3221 3956 3265 re-

816 3297 948 3376 sese
987 3298 1077 3361 ad
1114 3314 1349 3360 necem
1389 3293 1670 3379 quaeri,
1721 3310 1939 3374 neque
1978 3290 2190 3354 ullum
2239 3289 2336 3353 sa·
2424 3292 2783 3378 ponenda,
2837 3312 3121 3377 quarum
3153 3295 3507 3380 copiosae,
3563 3316 3738 3382 quae
3788 3296 3956 3362 huie

816 3397 944 3461 luti
992 3391 1315 3481 effugium
1352 3393 1657 3467 videret,
1709 3387 1938 3473 coepit
1995 3385 2154 3473 ipse
2193 3407 2336 3451 rna-
2424 3386 2842 3472 inscriptioni
2862 3389 3201 3475 adplicari
3221 3390 3517 3477 poss'unt,
3531 3391 3957 3480 apudLam·

813 3506 1029 3571 trem,
1083 3493 1192 3555 cui
1227 3488 1599 3575 implicitus
1641 3482 2015 3559 haerebat,
2083 3484 2338 3547 incusa·
2424 3486 2723 3572 pridium
2767 3485 2836 3548 in
2875 3486 3250 3550 Alexandri
3290 3489 3439 3553 vita
3474 3490 3795 3578 reperies.

814 3611 914 3676 re,
960 3587 1089 3653 sese
1126 3593 1265 3672 ejus
1298 3587 1496 3650 unius
1527 3580 1726 3647 causa
1746 3591 2054 3645 extrema
2087 3582 2262 3665 pati.
2268 3569 2336 3660 ¹')
3164 3580 3197 3615 ⁸

920 3683 1195 3750 onres.
1248 3683 1355 3747 De
1394 3683 1500 3747 his
1536 3680 1736 3757 vide,
1800 3697 1977 3763 quae
2027 3669 2339 3741 dicentur
2420 3674 2813 3747 FECVND
2866 3678 3355 3744 AVGVSTAE
3392 3681 3828 3766 praedicatur
3874 3682 3958 3748 in

815 3775 1091 3842 infrain
1133 3778 1479 3856 Orbiana,
1530 3794 1746 3840 uxore
1775 3773 2157 3840 Alexandri
2190 3774 2334 3839 uni·
2420 3775 2601 3840 binis
2650 3773 2794 3838 AR.
2855 3777 3060 3840 musei
3121 3776 3482 3857 Caesarei,
3540 3777 3656 3841 sed
3702 3777 3958 3843 aversa

817 3893 901 3937 ea
947 3892 1032 3938 ex
1080 3875 1302 3938 numia
1336 3872 1629 3958 cognita.
2421 3872 2594 3936 haec
2649 3876 2940 3955 pertinet
3003 3874 3096 3937 ad
3156 3875 3555 3940 Mamaeam
3624 3886 3954 3940 matrem.

2420 3969 2610 4034 Idem
2638 3966 2949 4052 sphalma
2970 3970 3220 4035 redibit
3240 3971 3309 4034 in
3327 3982 3604 4037 moneta
3620 3967 3957 4039 Gallieni.

1435 4064 1733 4132 Nunn'e
3147 4063 3178 4096 ¹⁸

2414 4153 2508 4229 Β.
2707 4162 2913 4227 IMR·
2967 4120 3589 4228 *ALEXARDEK
3718 4161 3958 4229 PNS.

1098 4255 1291 4325 IMP.
1400 4252 1977 4321 ALEXANDER.
2103 4254 2260 4320 ΡΝ
2262 4256 2330 4321 S.
2711 4255 2923 4324 AVG.
2977 4260 3179 4345 Caput
3219 4262 3592 4326 laurentum.

1099 4349 1312 4420 AVG.
1396 4351 1601 4435 Caput
1622 4351 1990 4414 laureatum.
2416 4351 2681 4419 IOVIS.
2721 4354 2861 4435 (fic)
2887 4355 3597 4422 PROPVGNATOR..
3650 4357 3961 4442 lappam·

808 4455 882 4521 Ρ.
926 4454 1030 4520 Μ.
1087 4453 1153 4517 T
1157 4453 1243 4522 R.
1298 4450 1370 4515 Ρ.
1432 4445 1654 4510 xlm.
1709 4442 1899 4508 COS.
1952 4446 2073 4512 111.
2121 4447 2196 4509 P.
2256 4447 2332 4509 Ρ.
2415 4449 2744 4536 11.an
2771 4456 3108 4521 intentans.
3161 4454 3305 4517 AR.
3360 4452 3566 4537 (Mus.
3608 4452 3845 4534 Caes.)

875 4665 938 4735 a)
972 4662 1114 4737 Cap.
1152 4678 1238 4733 ²9·
1429 4659 1491 4730 b)
1531 4654 1838 4722 noradin.
