4242 5459
969 578 1114 659 496
2129 542 2138 547 ’
2246 559 2787 640 FIRMVS..

977 781 1046 836 et
1079 763 1265 853 quod
1303 761 1771 848 consequitur,
1857 759 2208 846 ingruente
2261 759 2507 826 eodem
2590 763 2763 828 rium
2809 762 3164 843 caderent,
3217 762 3560 829 sedetiam
3585 810 3604 845 ‚
3667 778 3732 830 ut
3770 768 3879 847 fam
3915 767 3976 829 su·

977 867 1090 931 die·
1124 863 1412 947 coepiss'e
1444 878 1699 925 annum
1740 857 2089 922 Aureliani
2125 857 2225 933 B,
2277 868 2346 920 et
2393 877 2507 921 an·
2587 880 2716 945 pra
2764 860 2947 938 dixi,
3017 862 3319 924 omnium
3364 880 3674 924 annorum
3739 861 3981 926 habemus

971 982 1133 1027 num
1213 978 1366 1022 cum
1438 953 1815 1021 Vabalathi
1848 992 1889 1040 ,-
1966 965 2109 1016 tum
2161 953 2508 1021 Zenobiae
2589 953 2862 1020 Claudii
2902 975 3146 1019 numos
3176 958 3243 1020 in
3285 961 3592 1043 Aegypto
3629 955 3896 1043 Egnaton
3926 977 3981 1019 ex

973 1060 1043 1124 Ε.
1094 1059 1461 1120 Praeterea
1509 1051 1833 1137 quoniam
1904 1047 2361 1112 indubitatum
2407 1052 2506 1113 vi·
2589 1072 2725 1134 quo
2761 1063 2996 1136 patet,
3049 1071 3202 1117 eum
3242 1052 3343 1117 ibi
3377 1051 3726 1117 constanter
3772 1055 3978 1137 impera·

975 1155 1214 1227 detur,
1282 1148 1661 1213 Zenobiam
1723 1159 1790 1210 et
1836 1144 2312 1218 Vabalathum
2357 1144 2505 1209 suos
2584 1159 2802 1211 torem
2841 1145 3033 1210 fuiss'e
3082 1148 3414 1233 agnitum.
3457 1148 3671 1230 Quare
3703 1148 3742 1212 fi
3778 1146 3984 1213 veraest

972 1248 1109 1313 five
1167 1248 1392 1330 regni,
1456 1244 1588 1308 live
1651 1242 1921 1327 imperii
1974 1259 2192 1307 annos
2233 1261 2276 1304 a
2328 1260 2506 1305 mor·
2586 1241 2828 1307 Zosimi
2894 1244 3163 1321 oratio,
3235 1245 3631 1326 dicendum,
3689 1241 3980 1309 Zenobiam

970 1358 1041 1409 te
1122 1342 1466 1406 Odenathi
1563 1340 1792 1403 mariti
1887 1338 2240 1423 patrisque
2323 1357 2506 1402 com·
2585 1339 2947 1419 subjectam
2972 1338 3088 1402 fibi
3123 1344 3510 1426 Aegyptum
3531 1341 3826 1426 principio
3847 1336 3980 1401 Clau·

971 1439 1282 1527 putass'e‚
1355 1441 1495 1520 ejus
1561 1435 1853 1511 caedes,
1919 1431 2330 1516 illorumque
2403 1452 2502 1497 re·
2589 1436 2684 1499 dii
2726 1436 3000 1499 nomine
3058 1435 3570 1515 administrass'e,
3642 1436 3759 1500 hoc
3816 1432 3984 1497 deinde

976 1534 1230 1623 gnandi
1272 1534 1537 1596 initium
1565 1578 1587 1609 ,
1654 1529 1767 1593 teu
1816 1549 2035 1595 annus
2082 1531 2144 1593 A
2199 1528 2504 1614 figendus
2588 1543 2857 1594 mortuo
2891 1531 3042 1615 plus
3076 1531 3347 1611 ausam,
3398 1520 3599 1619 atque
3627 1529 3812 1595 filiurn
3828 1527 3984 1591 Vaba-

973 1634 1135 1696 inde
1173 1650 1216 1693 a
1253 1631 1362 1692 die
1395 1628 1639 1692 XXIX.
1685 1623 1954 1709 Augusti
1999 1625 2078 1690 V.
2107 1621 2183 1687 C.
2217 1645 2397 1708 ior-9
2426 1626 2500 1687 P.
2586 1626 2842 1691 lathum
2886 1627 3192 1713 collegae
3253 1631 3465 1694 modo
3521 1648 3663 1691 cum
3705 1625 3980 1692 Aureliano

973 1729 1059 1794 X.
1098 1728 1234 1790 266
1282 1746 1493 1809 usque
1561 1724 1648 1786 ad
1703 1731 2157 1786 recurrentem
2211 1721 2504 1784 eundem
2583 1725 2651 1787 in
2690 1734 2968 1786 moneta
3031 1725 3478 1807 conjunxiss'e,
3557 1723 3636 1787 lic
3676 1735 3904 1795 tamen,
3941 1727 3986 1778 ut

977 1825 1159 1889 diem
1195 1822 1355 1884 anni
1394 1820 1755 1903 sequentis.
2577 1820 2786 1881 etiam
2816 1830 2957 1881 tum
3013 1840 3155 1883 non
3197 1821 3591 1905 prohiberet
3635 1820 3697 1885 in
3756 1825 3985 1899 Aegypto

1068 1919 1275 1983 Aliud
1303 1918 1508 1980 etiam
1549 1914 1639 1978 ad
1662 1909 2006 1977 historiam
2033 1923 2493 1996 opportunum
2575 1932 2816 1981 numos
2856 1934 3009 1978 cum
3049 1915 3191 1978 solo
3235 1917 3585 1980 Aureliani
3618 1916 3817 2000 capite
3850 1910 3986 1995 [igna-

976 2017 1224 2080 docent
1245 2014 1316 2077 hi
1354 2014 1562 2076 numi.
1612 2010 1867 2073 Narrat
1903 2006 2226 2084 Ζοίὶιηυε,
2281 2011 2492 2071 Zeno·
2573 2029 2687 2094 re,
2737 2021 2812 2073 ut
2861 2023 3053 2095 patet
3096 2031 3182 2075 ex
3221 2011 3420 2097 huius
3460 2014 3678 2079 numie
3706 2003 3985 2075 cumannis

972 2111 1159 2177 biam
1204 2112 1583 2195 imperante
1628 2104 1945 2184 Claudio,
1996 2114 2065 2167 et
2102 2102 2320 2168 turbis
2356 2102 2492 2167 Go·
2576 2112 2655 2173 A.
2699 2109 2768 2170 Β.
2807 2109 2880 2170 Γ.
2917 2110 2995 2189 A.

970 2208 1174 2272 thinis
1212 2204 1493 2271 distento
1535 2200 1755 2267 hostili
1818 2201 2055 2264 animo
2101 2204 2494 2285 Aegyptum
2670 2202 2772 2265 En
2820 2201 3078 2266 finitam
3135 2199 3983 2288 molestamflifputationem,

972 2303 1373 2390 ingress'am‚
1426 2317 1713 2382 eamque
1770 2294 1915 2381 post
1961 2299 2195 2359 varias
2246 2297 2493 2359 Martia
2576 2317 2751 2383 quae
2784 2300 3320 2369 inenucleandis
3360 2301 3573 2363 variis
3619 2308 3884 2361 monetae
3911 2289 3985 2352 hu·

970 2398 1325 2475 vicesubi
1371 2393 1730 2478 subjeciss‘e.
1798 2389 2229 2456 Contrarium
2265 2395 2492 2479 potius
2572 2397 2676 2474 ius
2717 2393 3170 2477 Palmyrenae
3217 2396 3432 2459 caulis
3483 2394 3790 2468 versatur,
3819 2387 3983 2464 cuique

970 2498 1219 2561 docent
1253 2495 1476 2566 numi3
1529 2510 1687 2554 nam
1729 2507 1865 2551 non
1904 2490 2113 2553 mod'o
2164 2489 2329 2552 nulli
2378 2506 2494 2552 ex·
2577 2488 3082 2574 qualescunque
3149 2493 3456 2555 virorum
3507 2482 3986 2576 praestantissimo·

970 2592 1141 2655 liant
1189 2588 1563 2654 Vabalathi
1598 2598 1665 2648 et
1716 2586 2062 2649 Zenobiae
2110 2586 2297 2649 numi
2341 2606 2496 2649 cum
2575 2580 2723 2648 rum
2749 2597 3036 2649 conatus
3068 2588 3367 2655 nondum
3390 2586 3813 2655 defideratam
3837 2579 3986 2643 lucem

972 2688 1164 2754 annis
1204 2690 1251 2755 B
1301 2697 1370 2748 et
1430 2687 1528 2763 Γ,
1599 2682 1716 2764 qui
1792 2682 1862 2745 in
1942 2680 2222 2747 Claudii
2284 2684 2493 2769 impe·
2580 2680 2906 2749 attuleer

2173 2969 2273 3039 H.
2375 2972 2840 3043 FIRMV&

1012 3166 1359 3234 Zenobiae
1377 3160 1638 3229 amicus
1656 3178 1740 3226 ao
1760 3157 1979 3224 socius
1997 3157 2489 3227 Alexandriam
2564 3170 2705 3251 J‘am
2753 3167 3055 3232 indicavi
3102 3167 3168 3230 in
3222 3167 3377 3234 Vol.
3425 3166 3545 3233 tv,
3595 3184 3744 3254 pag.
3796 3165 3882 3244 94·
3930 3162 3986 3209 ⁶¹
4107 3214 4108 3223 ,

963 3266 1346 3352 imperante
1379 3258 1753 3324 Aureliano
1784 3254 2026 3321 invasst
2044 3257 2348 3343 quidem,
2380 3260 2490 3324 sed
2570 3264 2797 3329 museo
2833 3252 3407 3331 Pembrockiano.

963 3364 1052 3429 ab
1098 3363 1229 3427 boe
1277 3359 1469 3422 brevi
1504 3354 1771 3419 eversus
1820 3351 1945 3429 est,
2000 3364 2073 3415 ut
2113 3353 2321 3417 refert
2352 3358 2488 3420 Vo·
2857 3362 3074 3424 ΛΤΤ.
3127 3361 3218 3423 Μ,
3272 3358 3659 3428 ΦῙΡΜξος,
3711 3344 3887 3419 ΕΤΓΕ
3923 3378 3939 3393 ·
3971 3371 3987 3384 ·
4107 3360 4108 3381 i

960 3460 1183 3545 piscus
1220 3458 1288 3520 in
1330 3457 1472 3536 ejus
1505 3450 1781 3536 tyranni
1833 3451 2021 3529 vita,
2075 3452 2191 3533 qui
2247 3463 2316 3515 et
2367 3454 2485 3515 ad·
2862 3455 3063 3540 Caput
3106 3457 3481 3522 mmmmm,

961 3557 1100 3632 dit,
1156 3553 1244 3617 ab
1307 3571 1391 3615 eo
1434 3544 1708 3635 Augusti
1766 3545 2040 3610 nomine
2109 3549 2480 3630 perculsam
2568 3550 2648 3616 L.
2687 3533 3986 3642 A.Mu1iersedma.spicas,ſsmmcopiae-

957 3648 1147 3714 fuiffe
1180 3659 1554 3714 monetam·
2662 3648 3011 3730 Quantam
3067 3648 3273 3711 fidem
3337 3661 3682 3713 mereatur
3734 3633 3986 3739 cimelium

1057 3747 1217 3830 Ejus
1255 3764 1579 3822 numum,
1628 3748 2025 3825 contempto
2066 3733 2432 3847 Goltziano
2454 3785 2488 3823 ‚.
2561 3739 2784 3832 istud,
2829 3764 3057 3812 meum
3090 3764 3229 3810 non
3273 3743 3364 3809 est
3400 3744 3718 3811 definit-e.

1800 4028 1903 4094 M.
2005 4024 2209 4092 CLA
2244 4025 2623 4100 VDIVS
2722 4035 3252 4107 YACITVS.

1048 4219 1435 4291 Aureliano
1464 4217 1736 4283 circiter
1783 4222 2015 4285 medio
2076 4218 2338 4285 Martio
2391 4227 2476 4293 V.
2558 4248 2711 4292 cam
2758 4227 2938 4292 hanc
2999 4227 3516 4293 altercationem
3575 4226 3686 4291 sex
3737 4209 3989 4285 menssbuss

952 4323 1030 4395 C,
1112 4330 1289 4393 1028
1352 4311 1753 4391 interfecto,
1821 4336 1972 4378 cum
2024 4314 2269 4381 milites
2312 4339 2474 4385 rara
2552 4324 2912 4408 imperium
2950 4325 3174 4409 capite
3204 4335 3483 4389 careret.
3571 4320 3854 4386 Tandem
3888 4308 3990 4385 ⁶1⁰⁸

949 4418 1418 4487 moderatione
1466 4413 1901 4498 imperatoris
1954 4413 2294 4495 deligendi
2347 4416 2479 4479 ho*
2551 4421 2707 4482 anni
2745 4421 2856 4483 die'
2897 4421 3105 4487 XXV.
3151 4420 3567 4507 Septembris
3620 4417 3844 4480 electus
3882 4403 3988 4465 Ta·

948 4528 1180 4585 norem
1225 4510 1476 4573 senatui
1527 4510 2042 4596 permitterem,
2098 4519 2304 4591 atque
2353 4511 2465 4577 hic
2548 4514 2718 4578 citus
2778 4518 2885 4579 vir
2935 4517 3340 4595 consularis,
3416 4516 3658 4579 aetatis
3704 4514 3828 4594 jam
3877 4512 3986 4583 1³³⁰·

943 4609 1198 4681 eurtum
1240 4604 1609 4687 militibus,
1642 4604 1952 4685 factum,
2008 4617 2080 4670 ut
2132 4623 2255 4691 per
2293 4609 2461 4671 ami·
2540 4622 2778 4678 vectae
2793 4656 2816 4697 ,
2870 4625 2939 4681 et
2986 4633 3256 4682 morum
3294 4611 3671 4700 integritate
3715 4598 3974 4671 eximius,
4107 4656 4108 4671 ¹
