4242 5459
1106 504 1117 508 ’
1248 539 2047 618 ANTovas
2151 538 2476 618 PIVS.

390 745 750 812 Grassante
789 745 1051 807 Romae
1086 739 1263 826 pesle
1301 742 1477 805 missi
1510 742 1814 828 Epidau-

299 865 455 907 rum
510 842 722 925 legati
753 888 772 919 ,
827 840 941 923 qui
978 836 1455 924 Aesculapium
1508 840 1665 902 inde
1712 858 1816 901 ar-

303 939 654 1002 cesserent.
763 936 995 998 Paruit
1052 934 1152 1009 ie,
1225 948 1431 1018 atque
1498 934 1817 1019 serpentis

292 1034 523 1119 specie
555 1051 789 1096 eorum
833 1030 1169 1092 triremem
1205 1029 1384 1092 ultro
1409 1025 1815 1105 conscendit,

300 1132 752 1208 invectusque
798 1125 1147 1202 Tiberim,
1203 1146 1353 1189 cum
1406 1128 1495 1189 ad
1536 1124 1818 1187 insulam

296 1237 579 1289 ventum
609 1223 801 1300 esset,
858 1239 1064 1302 quam
1096 1222 1164 1284 in
1197 1221 1338 1305 ipsa
1372 1221 1537 1285 urbe
1571 1218 1829 1302 flumen·

301 1318 557 1394 efficit,
623 1319 691 1380 in
748 1337 900 1382 eam
963 1320 1302 1392 tranavit,
1377 1337 1511 1399 quo
1554 1316 1707 1379 loco
1755 1318 1817 1379 ei

299 1435 472 1480 mox
523 1413 785 1499 sumptu
844 1411 1121 1498 publico
1175 1406 1610 1476 aedificatum
1656 1425 1815 1474 tem·

296 1512 515 1597 plum.
599 1510 886 1573 Factum
944 1505 1113 1571 istud
1157 1529 1332 1571 anno
1384 1510 1467 1570 V.
1527 1507 1603 1570 C.
1653 1510 1817 1589 463.

299 1608 481 1671 Vide
539 1605 905 1683 Ovidium,
959 1604 1023 1686 ²)
1087 1605 1238 1670 Val.
1280 1606 1705 1679 Maximum,
1758 1594 1821 1685 b)

298 1703 641 1785 aliosque.
715 1700 939 1782 Quam
982 1701 1339 1786 praeclara
1376 1653 1706 1783 Epidauri
1738 1719 1818 1761 o-

297 1818 472 1885 pera
508 1798 754 1860 honori
793 1795 1174 1879 Aesculapii
1208 1793 1584 1858 fabricatus
1620 1793 1825 1857 fuerit

293 1895 683 1959 Antoninus
716 1890 932 1954 noster
955 1893 1179 1955 adhuc
1202 1891 1597 1966 senatorius,
1634 1911 1822 1953 cnar-

291 1990 487 2053 ravit
527 1988 911 2054 Pausanias.
947 1994 1000 2063 ⁰)
1056 1988 1230 2049 Vide
1286 1999 1352 2048 et
1389 1986 1620 2071 paullo
1677 1986 1823 2072 post

290 2087 514 2151 alium
561 2083 943 2167 Aesculapii
988 2103 1287 2150 numum.

599 2180 837 2245 Antica
875 2183 1132 2244 incerta.

283 2280 456 2345 Sine
495 2275 854 2361 epigraphe.
887 2273 1416 2360 Iuppiter-sedens
1451 2272 1750 2358 adsidente
1783 2291 1824 2335 a

280 2375 579 2439 dexteris
628 2375 973 2447 Minerva,
1023 2374 1336 2480 astitisti-is
1368 2373 1627 2435 Iunone.
1683 2370 1820 2433 ΛΕ.

288 2489 490 2534 max.
537 2469 724 2531 mod.
778 2467 977 2552 (Mus.
1016 2469 1191 2552 regis
1248 2462 1573 2543 Galliar.)

596 2562 1146 2625 ANTONINVS.
1177 2560 1386 2625 AVG.
1410 2560 1626 2650 PIVS.
1652 2562 1724 2626 Ρ.
1743 2561 1818 2624 P.

596 2660 797 2743 Caput
828 2660 1202 2723 laureatum.

285 2756 494 2823 COS.
550 2759 664 2820 111.
715 2754 780 2820 S.
818 2753 893 2821 C.
954 2755 1191 2839 Aquila
1237 2756 1417 2841 stans
1466 2752 1737 2841 adstante
1779 2774 1822 2819 a

286 2854 587 2921 dexteris
611 2860 860 2933 noctua,
913 2871 953 2914 a
965 2852 1229 2938 sinistris
1241 2870 1507 2935 pavone.
1547 2852 1818 2916 ΑΕΔΗ.

282 2949 508 3037 (Mus.
537 2945 765 3027 Caes.)

398 3046 557 3107 Non
600 3056 876 3128 repete,
930 3060 1106 3125 quae
1136 3042 1218 3104 de
1263 3053 1433 3126 typo
1482 3039 1669 3105 simili
1708 3043 1820 3105 tri-

284 3162 415 3207 um
449 3139 772 3204 cellarum
814 3140 879 3201 in
922 3138 1180 3221 templo
1205 3138 1386 3199 Iovis
1427 3137 1822 3221 Capitolini,

280 3241 359 3304 in
409 3235 659 3321 quibus
710 3236 843 3296 tria
886 3236 1057 3297 haec
1104 3235 1375 3295 numina
1412 3232 1823 3318 prosiabant,

281 3348 359 3400 et
400 3331 770 3394 stantibus
754 3352 821 3393 in
841 3348 1042 3392 numo
1063 3328 1278 3392 altero
1300 3331 1542 3392 eodem
1586 3331 1824 3405 ordine

282 3427 583 3495 famulis
623 3426 899 3490 alitibus
944 3425 1143 3488 dixi
1123 3445 1190 3487 in
1236 3428 1455 3488 numia
1483 3424 1820 3509 Vespasia-

286 3528 363 3591 ni
416 3544 579 3610 pag.
614 3535 783 3606 328.
812 3569 831 3600 ,
883 3521 999 3584 ubi
1044 3532 1112 3583 et
1151 3523 1619 3597 narravimuS,
1672 3521 1819 3583 illu-

289 3621 423 3688 stre
460 3620 595 3681 hoe
634 3630 1105 3703 argumentum
1163 3619 1229 3680 in
1272 3615 1560 3677 aliorum
1616 3617 1820 3677 etiam

288 3711 752 3801 Augustorum
825 3725 1173 3776 monetam·
1237 3710 1423 3773 fuirre
1479 3722 1822 3775 vocatum.

286 3814 533 3876 Etiam
596 3830 839 3874 numus
888 3829 1072 3872 max.
1128 3807 1436 3882 formae,
1520 3806 1588 3868 in
1638 3809 1825 3887 cujus

286 3910 533 3983 antica
562 3906 710 3970 sunt
740 3907 971 3990 capita
1010 3903 1109 3969 M.
1146 3901 1401 3968 Aurelii
1437 3915 1504 3964 et
1536 3901 1612 3964 L.
1638 3902 1821 3978 Veri,

284 4005 592 4068 eundem
632 4017 876 4087 typum
919 3995 1168 4084 offert,
1220 3992 1285 4089 d)
1337 4011 1480 4059 tum
1534 4010 1601 4061 et
1647 3997 1833 4060 alius

278 4100 663 4164 Hadriani.
718 4096 781 4180 θ)

366 4315 429 4362 a*
471 4307 712 4359 Metam.
747 4307 882 4369 XV,
919 4311 1040 4360 622.
1234 4306 1296 4373 b)
1335 4307 1403 4366 L.
1439 4307 1482 4360 1.
1520 4324 1569 4366 c
1606 4317 1658 4372 8.

281 4382 353 4441 ο)
398 4376 566 4437 Mus„
590 4375 823 4429 Albani.
1015 4376 1062 4432 f)
1101 4377 1165 4428 L.
1206 4377 1285 4433 V,
1326 4392 1372 4431 c.
1414 4393 1498 4440 70.

280 4448 368 4508 1..
406 4447 518 4500 xt.
560 4460 617 4514 p.
660 4458 783 4511 491,
976 4448 1016 4511 i)
1052 4445 1119 4498 1..
1154 4444 1234 4504 Π.
1274 4460 1322 4504 e.
1360 4461 1443 4509 27·

396 4560 595 4639 (Vol.
632 4559 837 4644 Vn.)

1695 4372 1875 4440 g-lad
1901 4373 2116 4426 Gallim
2154 4371 2345 4444 hymn
2383 4376 2439 4426 in
2475 4376 2577 4428 Iov
2643 4393 2677 4430 v
2733 4393 2800 4442 49

1635 4391 1798 4507 klgL.
1832 4443 1908 4495 11.
1949 4459 1993 4496 c.
2034 4447 2119 4505 26

3323 573 3414 638 33

2416 739 2661 805 Numi
2746 742 2902 805 alii

1997 838 2263 901 maximi
2291 835 2522 902 moduli
2559 839 2914 926 insignioris
2945 843 3322 924 argumenti.

2194 932 2612 995 ANTONm
2628 933 2746 998 VS.
2773 931 3220 999 AVG.P1VS.
3243 937 3419 1002 Ρ.,Ρ.

2195 1028 2348 1091 TR.
2383 1027 2458 1095 P.
2490 1006 2681 1095 cos.
2716 1030 2834 1093 111.
2869 1030 3054 1095 IMP.
3082 1031 3169 1095 11.
3225 1031 3424 1117 Caput

2194 1123 2452 1192 nudum.
2789 1139 2822 1170 ¹·
3404 1198 3413 1205 ‚

1900 1220 2051 1285 Sine
2091 1218 2450 1303 epigraphe.
2502 1218 2749 1286 Puellus
2790 1220 2995 1286 nudus
3029 1243 3255 1307 caprae
3294 1224 3426 1313 insi·

1902 1318 2086 1391 dens,
2125 1318 2330 1401 juxta
2360 1335 2505 1392 ara,
2535 1317 2771 1403 aquila,
2810 1317 3025 1385 arbor.
3081 1319 3425 1390 amman».

1903 1414 2087 1479 mod.
2139 1410 2344 1497 (Mus.
2383 1409 2691 1490 Fames.)

2002 1510 2244 1592 Typus
2289 1509 2414 1571 rite
2461 1506 2841 1593 explicatur
2890 1529 2973 1572 ex
3041 1511 3272 1572 numia
3323 1530 3438 1572 ar·-

1906 1605 2160 1686 ge‘nteis
2217 1601 2558 1682 Gallieni,
2626 1607 2902 1688 eiusque
2955 1603 3306 1687 familiae,
3359 1607 3436 1667 in*

1908 1698 2151 1782 quibus
2177 1701 2370 1779 juxta
2405 1699 2703 1784 puellum
2734 1700 3003 1763 similem
3038 1699 3424 1764 insidentem

1908 1795 2415 1879 capraelegitur
2445 1796 2659 1862 10v1.
2682 1794 3430 1870 CRESCENT1,nem·-

1907 1911 1991 1974 pe
2028 1911 2280 1975 caprae
2325 1890 2654 1954 beneficio
2694 1892 2800 1954 lac
2851 1893 3240 1977 praebentis
3267 1939 3285 1970 ,
3341 1913 3429 1955 ex

1908 2006 2042 2070 quo
2080 1988 2317 2049 Iovem
2365 1985 2785 2073 appellatum
2833 1995 3153 2070 Λιγιοχον,
3205 2009 3244 2051 a
3276 1988 3430 2053 lacte

1903 2085 2219 2146 nutritum
2251 2084 2461 2146 tradit
2501 2084 2869 2165 DiodoruS,
2897 2074 2952 2164 f)
2997 2087 3081 2146 de
3121 2104 3255 2167 quo
3283 2082 3426 2169 plu·-

1905 2198 1983 2240 ra
2026 2190 2091 2240 te
2127 2176 2404 2239 docebit
2424 2178 2708 2240 summus
2731 2179 2837 2240 vir
2863 2176 3424 2263 spanhemius..⁸)

1909 2270 2104 2335 Adest
2132 2272 2365 2353 aquila
2401 2272 2966 2356 ἣνεπροληπτικως
2992 2274 3076 2336 ad
3112 2276 3424 2335 indican-

1905 2369 2064 2429 dum
2107 2368 2354 2428 certius
2399 2366 2658 2444 Iovem,
2711 2367 2840 2429 sive
2878 2368 3060 2452 quod
3102 2367 3272 2430 haec
3313 2368 3429 2430 Io-

1903 2463 1977 2526 vi
2020 2459 2265 2528 infanti
2303 2474 2535 2524 nectar
2570 2463 2819 2527 attulit.
2870 2455 2937 2546 h)

2646 2560 2675 2590 ἢ

2152 2653 2752 2721 ANTONINVS.
2779 2652 2985 2719 AVG.
3007 2654 3227 2722 PIVS.
3250 2656 3322 2721 Ρ.
3348 2657 3434 2720 P..

2197 2751 2261 2813 T
2269 2752 2345 2815 R
2381 2752 2455 2816 P.
2486 2748 2678 2816 Cos.
2714 2752 2867 2820 1111.
2940 2752 3142 2842 Caput
3170 2751 3424 2818 laurea-

2193 2855 2343 2912 tum.

1904 2948 2058 3012 Sine
2086 2947 2442 3030 epigraphe.
2499 2945 2897 3032 Assulaptus
2902 2945 3122 3035 sedens
3139 2949 3226 3012 ad
3243 2969 3427 3013 aram

1904 3042 1963 3108 d.
1992 3052 2323 3127 pateram,
2355 3043 2413 3130 s.
2460 3041 2740 3107 baculum
2766 3044 2970 3122 suum,
3022 3067 3142 3128 pro
3165 3045 3435 3129 pedibus

1904 3142 2111 3213 canis,
2163 3137 2360 3208 adeat
2402 3139 2618 3222 Hygia
2657 3141 2802 3202 item
2840 3138 3427 3230 sacrificam-..5152

1907 3255 2084 3298 max.
2125 3233 2306 3294 mod.
2349 3232 2554 3318 (Mus.
2592 3234 2887 3313 Fames.)

2002 3333 2096 3394 Vt
2144 3327 2518 3415 Aesculapii
2570 3330 2816 3415 signum
2880 3334 2946 3394 in
2996 3346 3221 3396 vetere
3275 3355 3430 3398 mo-

1907 3437 2065 3488 neta
2107 3421 2594 3510 perfrequens,
2632 3428 2733 3489 ita
2789 3446 3016 3488 rarum
3065 3430 3324 3489 videre
3358 3433 3424 3492 in

1908 3541 1992 3584 ea
2029 3518 2415 3584 adstitutum
2455 3540 2712 3584 canem.
2768 3519 3060 3582 Hunc‘in'
3089 3522 3317 3605 insigni
3358 3545 3425 3585 e-

1899 3619 2007 3700 jus
2047 3617 2156 3677 dei
2191 3613 2580 3689 simulacro,
2634 3615 2816 3695 quod
2872 3627 3016 3676 erat
3069 3616 3422 3701 Epidauri,

1909 3713 1999 3773 ad
2039 3713 2178 3791 ejus
2234 3712 2441 3794 pedes
2496 3708 2880 3773 adcubuisse
2929 3707 3132 3775 refert
3182 3712 3425 3777 Pausa-

1907 3808 2081 3871 nias.
2102 3805 2162 3881 ἱ)
2205 3803 2500 3868 Causam
2520 3806 2748 3891 paullo
2782 3806 2974 3890 supra
2998 3808 3327 3892 exposuit,
3361 3806 3426 3889 ιἲ)

1909 3904 2232 3987 quoniam
2276 3923 2426 3965 eum
2454 3921 2615 3967 mox
2657 3923 2699 3968 a
2739 3917 2936 3987 partu
2971 3925 3019 3968 a
3055 3916 3272 3967 matre
3297 3902 3429 3969 Co

1904 3999 2185 4060 ronide
2169 4019 2234 4061 tn
2259 3982 2424 4062 saltu
2461 3999 2832 4085 expofitum
2869 4001 3148 4066 nutrivit
3188 4020 3425 4088 capra,
3431 4056 3440 4063 .

1826 4107 1831 4112 ’
1907 4107 1973 4156 et
2017 4096 2210 4157 canis
2238 4095 2658 4161 custodivit.

3403 4229 3452 4252 ,ἦ

3208 4323 3261 4378 g.
3305 4320 3426 4430 784⁸-
3427 4297 3446 4334 ·’
3475 4337 3484 4344 ·

3161 4376 3397 4430 [haehae

1872 4301 3214 4441 )...L11‹÷23.·‹1)Mr‘rh0u3‚g‚

2992 4560 3046 4640 ,Ε
