<?xml version="1.0" encoding="UTF-8"?>
<!DOCTYPE html PUBLIC "-//W3C//DTD XHTML 1.0 Transitional//EN"
    "http://www.w3.org/TR/xhtml1/DTD/xhtml1-transitional.dtd">
<html xmlns="http://www.w3.org/1999/xhtml" xml:lang="en" lang="en">
 <head>
  <title>
</title>
<meta http-equiv="Content-Type" content="text/html;charset=utf-8" />
  <meta name='ocr-system' content='tesseract 3.04.00' />
  <meta name='ocr-capabilities' content='ocr_page ocr_carea ocr_par ocr_line ocrx_word'/>
</head>
<body>
  <div class='ocr_page' id='page_1' title='image "./doctrinanumorum03unkngoog_0495.png"; bbox 0 0 4242 5459; ppageno 0'>
   <div class='ocr_carea' id='block_1_1' title="bbox 1404 554 2307 637">
    <p class='ocr_par' dir='ltr' id='par_1_1' title="bbox 1404 554 2307 637">
     <span class='ocr_line' id='line_1_1' title="bbox 1404 554 2307 637; baseline 0 -4"><span class='ocrx_word' id='word_1_1' title='bbox 1404 554 2307 637; x_wconf 80' lang='lat' dir='ltr'>DRYANTILLA.</span> 
     </span>
    </p>
   </div>
   <div class='ocr_carea' id='block_1_2' title="bbox 1568 850 2113 949">
    <p class='ocr_par' dir='ltr' id='par_1_2' title="bbox 1568 850 2113 949">
     <span class='ocr_line' id='line_1_2' title="bbox 1568 850 2113 949; baseline -0.006 -31"><span class='ocrx_word' id='word_1_2' title='bbox 1568 850 2113 949; x_wconf 24' lang='lat' dir='ltr'><em>PRETJ-VM.</em></span> 
     </span>
    </p>
   </div>
   <div class='ocr_carea' id='block_1_3' title="bbox 471 1030 1687 1132">
    <p class='ocr_par' dir='ltr' id='par_1_3' title="bbox 471 1030 1687 1132">
     <span class='ocr_line' id='line_1_3' title="bbox 471 1030 1687 1132; baseline -0.001 -25"><span class='ocrx_word' id='word_1_3' title='bbox 471 1043 791 1132; x_wconf 81' lang='lat' dir='ltr'>Argentei</span> <span class='ocrx_word' id='word_1_4' title='bbox 839 1054 1104 1109; x_wconf 86' lang='lat' dir='ltr'>tantum</span> <span class='ocrx_word' id='word_1_5' title='bbox 1159 1042 1451 1132; x_wconf 77' lang='lat' dir='ltr'>cogniti,</span> <span class='ocrx_word' id='word_1_6' title='bbox 1495 1030 1687 1128; x_wconf 55' lang='lat' dir='ltr'>&#39;iique</span> 
     </span>
    </p>
   </div>
   <div class='ocr_carea' id='block_1_4' title="bbox 3006 1035 3277 1105">
    <p class='ocr_par' dir='ltr' id='par_1_4' title="bbox 3006 1035 3277 1105">
     <span class='ocr_line' id='line_1_4' title="bbox 3006 1035 3277 1105; baseline 0.015 -5"><span class='ocrx_word' id='word_1_7' title='bbox 3006 1035 3277 1105; x_wconf 77' lang='lat' dir='ltr'>RRRR.</span> 
     </span>
    </p>
   </div>
   <div class='ocr_carea' id='block_1_5' title="bbox 1106 1321 2550 1398">
    <p class='ocr_par' dir='ltr' id='par_1_5' title="bbox 1106 1321 2550 1398">
     <span class='ocr_line' id='line_1_5' title="bbox 1106 1321 2550 1398; baseline -0.004 -2"><span class='ocrx_word' id='word_1_8' title='bbox 1106 1321 1676 1398; x_wconf 81' lang='lat' dir='ltr'>SVLPICIA</span> <span class='ocrx_word' id='word_1_9' title='bbox 1768 1326 2550 1398; x_wconf 76' lang='lat' dir='ltr'>DRTANTILLA.</span> 
     </span>
    </p>
   </div>
   <div class='ocr_carea' id='block_1_6' title="bbox 152 1508 1788 4448">
    <p class='ocr_par' dir='ltr' id='par_1_6' title="bbox 152 1508 1788 4448">
     <span class='ocr_line' id='line_1_6' title="bbox 236 1508 1788 1604; baseline 0.005 -29"><span class='ocrx_word' id='word_1_10' title='bbox 236 1508 240 1512; x_wconf 69' lang='grc'><strong>’</strong></span> <span class='ocrx_word' id='word_1_11' title='bbox 369 1513 584 1596; x_wconf 81' lang='lat' dir='ltr'>Hujus</span> <span class='ocrx_word' id='word_1_12' title='bbox 607 1508 948 1604; x_wconf 58' lang='lat' dir='ltr'>&#39;Augustae</span> <span class='ocrx_word' id='word_1_13' title='bbox 980 1520 1164 1583; x_wconf 82' lang='lat' dir='ltr'>numi</span> <span class='ocrx_word' id='word_1_14' title='bbox 1183 1520 1636 1584; x_wconf 86' lang='lat' dir='ltr'>Vindobonae</span> <span class='ocrx_word' id='word_1_15' title='bbox 1657 1519 1788 1603; x_wconf 87' lang='lat' dir='ltr'>pri-</span> 
     </span>
     <span class='ocr_line' id='line_1_7' title="bbox 273 1613 1786 1696; baseline 0.003 -23"><span class='ocrx_word' id='word_1_16' title='bbox 273 1630 455 1673; x_wconf 83' lang='lat' dir='ltr'>mum</span> <span class='ocrx_word' id='word_1_17' title='bbox 490 1630 777 1696; x_wconf 82' lang='lat' dir='ltr'>coepere</span> <span class='ocrx_word' id='word_1_18' title='bbox 820 1613 1248 1679; x_wconf 78' lang='lat' dir='ltr'><strong>innotescere.</strong></span> <span class='ocrx_word' id='word_1_19' title='bbox 1320 1616 1581 1678; x_wconf 87' lang='lat' dir='ltr'>Horum</span> <span class='ocrx_word' id='word_1_20' title='bbox 1621 1634 1786 1677; x_wconf 76' lang='lat' dir='ltr'>unus</span> 
     </span>
     <span class='ocr_line' id='line_1_8' title="bbox 267 1705 1787 1791; baseline 0.003 -24"><span class='ocrx_word' id='word_1_21' title='bbox 267 1716 573 1790; x_wconf 77' lang='lat' dir='ltr'>repertus</span> <span class='ocrx_word' id='word_1_22' title='bbox 606 1709 675 1771; x_wconf 90' lang='lat' dir='ltr'>in</span> <span class='ocrx_word' id='word_1_23' title='bbox 722 1705 985 1771; x_wconf 87' lang='lat' dir='ltr'>Austria</span> <span class='ocrx_word' id='word_1_24' title='bbox 1033 1707 1121 1769; x_wconf 89' lang='lat' dir='ltr'>ab</span> <span class='ocrx_word' id='word_1_25' title='bbox 1150 1721 1422 1772; x_wconf 86' lang='lat' dir='ltr'>aratore</span> <span class='ocrx_word' id='word_1_26' title='bbox 1469 1727 1641 1791; x_wconf 76' lang='lat' dir='ltr'>opus</span> <span class='ocrx_word' id='word_1_27' title='bbox 1682 1707 1787 1771; x_wconf 82' lang='lat' dir='ltr'>fa-</span> 
     </span>
     <span class='ocr_line' id='line_1_9' title="bbox 267 1798 1783 1888; baseline 0.003 -26"><span class='ocrx_word' id='word_1_28' title='bbox 267 1800 484 1863; x_wconf 82' lang='lat' dir='ltr'>ciente</span> <span class='ocrx_word' id='word_1_29' title='bbox 531 1800 816 1888; x_wconf 80' lang='lat' dir='ltr'>Iosepho</span> <span class='ocrx_word' id='word_1_30' title='bbox 878 1803 1113 1865; x_wconf 88' lang='lat' dir='ltr'>comiti</span> <span class='ocrx_word' id='word_1_31' title='bbox 1173 1798 1434 1867; x_wconf 83' lang='lat' dir='ltr'>Ariosto</span> <span class='ocrx_word' id='word_1_32' title='bbox 1509 1802 1783 1867; x_wconf 76' lang='lat' dir='ltr'>oblatus</span> 
     </span>
     <span class='ocr_line' id='line_1_10' title="bbox 262 1894 1784 1979; baseline 0.002 -22"><span class='ocrx_word' id='word_1_33' title='bbox 262 1894 395 1958; x_wconf 83' lang='lat' dir='ltr'>fuit</span> <span class='ocrx_word' id='word_1_34' title='bbox 434 1914 614 1957; x_wconf 91' lang='lat' dir='ltr'>anno</span> <span class='ocrx_word' id='word_1_35' title='bbox 671 1898 937 1961; x_wconf 85' lang='lat' dir='ltr'>circiter</span> <span class='ocrx_word' id='word_1_36' title='bbox 1005 1899 1206 1979; x_wconf 82' lang='lat'><strong>1760.</strong></span> <span class='ocrx_word' id='word_1_37' title='bbox 1315 1901 1546 1961; x_wconf 80' lang='lat' dir='ltr'>Motus</span> <span class='ocrx_word' id='word_1_38' title='bbox 1580 1899 1636 1961; x_wconf 76' lang='lat' dir='ltr'>is</span> <span class='ocrx_word' id='word_1_39' title='bbox 1685 1899 1784 1961; x_wconf 86' lang='lat' dir='ltr'>rei</span> 
     </span>
     <span class='ocr_line' id='line_1_11' title="bbox 262 1992 1780 2078; baseline 0.001 -25"><span class='ocrx_word' id='word_1_40' title='bbox 262 1992 574 2055; x_wconf 79' lang='lat' dir='ltr'>novitate</span> <span class='ocrx_word' id='word_1_41' title='bbox 620 1993 850 2056; x_wconf 80' lang='lat' dir='ltr'>varios</span> <span class='ocrx_word' id='word_1_42' title='bbox 873 2012 994 2078; x_wconf 87' lang='lat' dir='ltr'>per</span> <span class='ocrx_word' id='word_1_43' title='bbox 1024 1992 1375 2077; x_wconf 84' lang='lat' dir='ltr'>Europam</span> <span class='ocrx_word' id='word_1_44' title='bbox 1408 1994 1592 2055; x_wconf 81' lang='lat' dir='ltr'>viros</span> <span class='ocrx_word' id='word_1_45' title='bbox 1634 2013 1780 2055; x_wconf 84' lang='lat' dir='ltr'>eru-</span> 
     </span>
     <span class='ocr_line' id='line_1_12' title="bbox 263 2085 1781 2170; baseline 0 -23"><span class='ocrx_word' id='word_1_46' title='bbox 263 2085 445 2149; x_wconf 78' lang='lat' dir='ltr'>ditos</span> <span class='ocrx_word' id='word_1_47' title='bbox 482 2085 851 2163; x_wconf 84' lang='lat' dir='ltr'>consuluit,</span> <span class='ocrx_word' id='word_1_48' title='bbox 906 2090 1091 2168; x_wconf 85' lang='lat' dir='ltr'>cujus</span> <span class='ocrx_word' id='word_1_49' title='bbox 1125 2086 1434 2149; x_wconf 77' lang='lat' dir='ltr'>thalamo</span> <span class='ocrx_word' id='word_1_50' title='bbox 1477 2087 1781 2170; x_wconf 85' lang='lat' dir='ltr'>ignotam</span> 
     </span>
     <span class='ocr_line' id='line_1_13' title="bbox 246 2174 1781 2268; baseline 0.001 -25"><span class='ocrx_word' id='word_1_51' title='bbox 246 2179 588 2255; x_wconf 63' lang='lat' dir='ltr'>,hactenus</span> <span class='ocrx_word' id='word_1_52' title='bbox 628 2174 985 2268; x_wconf 84' lang='lat' dir='ltr'>Augustam</span> <span class='ocrx_word' id='word_1_53' title='bbox 1014 2181 1402 2246; x_wconf 82' lang='lat' dir='ltr'>sociandam</span> <span class='ocrx_word' id='word_1_54' title='bbox 1440 2192 1781 2265; x_wconf 87' lang='lat' dir='ltr'>putarent.</span> 
     </span>
     <span class='ocr_line' id='line_1_14' title="bbox 258 2275 1780 2363; baseline -0.001 -25"><span class='ocrx_word' id='word_1_55' title='bbox 258 2275 679 2339; x_wconf 82' lang='lat' dir='ltr'>Tacentibus</span> <span class='ocrx_word' id='word_1_56' title='bbox 721 2278 1039 2363; x_wconf 76' lang='lat' dir='ltr'>reliquiS,</span> <span class='ocrx_word' id='word_1_57' title='bbox 1095 2277 1282 2361; x_wconf 89' lang='lat' dir='ltr'>quod</span> <span class='ocrx_word' id='word_1_58' title='bbox 1330 2276 1496 2339; x_wconf 83' lang='lat' dir='ltr'>nihil</span> <span class='ocrx_word' id='word_1_59' title='bbox 1541 2295 1780 2338; x_wconf 87' lang='lat' dir='ltr'>occur·</span> 
     </span>
     <span class='ocr_line' id='line_1_15' title="bbox 248 2372 1777 2458; baseline -0.001 -24"><span class='ocrx_word' id='word_1_60' title='bbox 248 2384 445 2443; x_wconf 69' lang='lat' dir='ltr'>,rerat</span> <span class='ocrx_word' id='word_1_61' title='bbox 495 2372 583 2433; x_wconf 90' lang='lat' dir='ltr'>ad</span> <span class='ocrx_word' id='word_1_62' title='bbox 630 2372 899 2435; x_wconf 76' lang='lat' dir='ltr'>causam</span> <span class='ocrx_word' id='word_1_63' title='bbox 967 2386 1420 2458; x_wconf 86' lang='lat' dir='ltr'>opportunum</span> <span class='ocrx_word' id='word_1_64' title='bbox 1450 2418 1468 2447; x_wconf 95' lang='lat'>,</span> <span class='ocrx_word' id='word_1_65' title='bbox 1533 2389 1777 2452; x_wconf 67' lang='lat' dir='ltr'>vocem</span> 
     </span>
     <span class='ocr_line' id='line_1_16' title="bbox 258 2466 1778 2550; baseline -0.001 -21"><span class='ocrx_word' id='word_1_66' title='bbox 258 2466 503 2529; x_wconf 84' lang='lat' dir='ltr'>extulit</span> <span class='ocrx_word' id='word_1_67' title='bbox 528 2466 887 2531; x_wconf 84' lang='lat' dir='ltr'>Eduardus</span> <span class='ocrx_word' id='word_1_68' title='bbox 923 2467 1232 2532; x_wconf 77' lang='lat' dir='ltr'>Corfinus</span> <span class='ocrx_word' id='word_1_69' title='bbox 1267 2514 1288 2545; x_wconf 91' lang='lat'>,</span> <span class='ocrx_word' id='word_1_70' title='bbox 1341 2481 1544 2550; x_wconf 90' lang='lat' dir='ltr'>atque</span> <span class='ocrx_word' id='word_1_71' title='bbox 1588 2467 1778 2530; x_wconf 86' lang='lat' dir='ltr'>edita</span> 
     </span>
     <span class='ocr_line' id='line_1_17' title="bbox 152 2561 1774 2648; baseline -0.002 -23"><span class='ocrx_word' id='word_1_72' title='bbox 152 2596 161 2601; x_wconf 62' lang='lat'>&gt;</span> <span class='ocrx_word' id='word_1_73' title='bbox 259 2561 541 2625; x_wconf 88' lang='lat' dir='ltr'>Liburni</span> <span class='ocrx_word' id='word_1_74' title='bbox 570 2582 750 2625; x_wconf 89' lang='lat' dir='ltr'>anno</span> <span class='ocrx_word' id='word_1_75' title='bbox 802 2566 971 2648; x_wconf 80' lang='lat'>1761</span> <span class='ocrx_word' id='word_1_76' title='bbox 1021 2563 1293 2648; x_wconf 76' lang='lat' dir='ltr'>prolixa</span> <span class='ocrx_word' id='word_1_77' title='bbox 1318 2562 1774 2625; x_wconf 83' lang='lat' dir='ltr'>diss&#39;ertatione</span> 
     </span>
     <span class='ocr_line' id='line_1_18' title="bbox 257 2654 1775 2743; baseline 0.001 -25"><span class='ocrx_word' id='word_1_78' title='bbox 257 2654 583 2720; x_wconf 84' lang='lat' dir='ltr'>illustrare</span> <span class='ocrx_word' id='word_1_79' title='bbox 630 2670 1096 2742; x_wconf 78' lang='lat' dir='ltr'>argumentum</span> <span class='ocrx_word' id='word_1_80' title='bbox 1140 2657 1468 2743; x_wconf 78' lang='lat' dir='ltr'>aggress‘us</span> <span class='ocrx_word' id='word_1_81' title='bbox 1508 2655 1632 2733; x_wconf 84' lang='lat' dir='ltr'>est,</span> <span class='ocrx_word' id='word_1_82' title='bbox 1701 2675 1775 2719; x_wconf 83' lang='lat' dir='ltr'>re</span> 
     </span>
     <span class='ocr_line' id='line_1_19' title="bbox 244 2751 1773 2836; baseline 0.003 -27"><span class='ocrx_word' id='word_1_83' title='bbox 244 2751 404 2834; x_wconf 67' lang='lat' dir='ltr'>ipsa</span> <span class='ocrx_word' id='word_1_84' title='bbox 442 2753 626 2815; x_wconf 88' lang='lat' dir='ltr'>aliud</span> <span class='ocrx_word' id='word_1_85' title='bbox 663 2753 832 2815; x_wconf 88' lang='lat' dir='ltr'>nihil</span> <span class='ocrx_word' id='word_1_86' title='bbox 875 2753 1104 2817; x_wconf 89' lang='lat' dir='ltr'>attulit</span> <span class='ocrx_word' id='word_1_87' title='bbox 1131 2764 1400 2836; x_wconf 87' lang='lat' dir='ltr'>praeter</span> <span class='ocrx_word' id='word_1_88' title='bbox 1435 2754 1773 2834; x_wconf 87' lang='lat' dir='ltr'>conjectu-</span> 
     </span>
     <span class='ocr_line' id='line_1_20' title="bbox 210 2845 1771 2932; baseline 0.001 -25"><span class='ocrx_word' id='word_1_89' title='bbox 210 2912 215 2917; x_wconf 23' lang='lat'><strong>·</strong></span> <span class='ocrx_word' id='word_1_90' title='bbox 256 2865 371 2908; x_wconf 82' lang='lat' dir='ltr'>ras</span> <span class='ocrx_word' id='word_1_91' title='bbox 413 2847 615 2930; x_wconf 90' lang='lat' dir='ltr'>plane</span> <span class='ocrx_word' id='word_1_92' title='bbox 653 2847 997 2929; x_wconf 72' lang='lat' dir='ltr'>infirmae,</span> <span class='ocrx_word' id='word_1_93' title='bbox 1066 2848 1308 2932; x_wconf 78' lang='lat' dir='ltr'>quibus</span> <span class='ocrx_word' id='word_1_94' title='bbox 1355 2846 1569 2909; x_wconf 85' lang='lat' dir='ltr'>nihilo</span> <span class='ocrx_word' id='word_1_95' title='bbox 1620 2845 1771 2928; x_wconf 77' lang='lat' dir='ltr'>plus</span> 
     </span>
     <span class='ocr_line' id='line_1_21' title="bbox 257 2938 1773 3026; baseline 0 -23"><span class='ocrx_word' id='word_1_96' title='bbox 257 2938 588 3024; x_wconf 84' lang='lat' dir='ltr'>profecit,</span> <span class='ocrx_word' id='word_1_97' title='bbox 641 2962 844 3026; x_wconf 86' lang='lat' dir='ltr'>quam</span> <span class='ocrx_word' id='word_1_98' title='bbox 886 2944 1001 3026; x_wconf 89' lang='lat' dir='ltr'>qui</span> <span class='ocrx_word' id='word_1_99' title='bbox 1052 2955 1346 3006; x_wconf 78' lang='lat' dir='ltr'>tacuere.</span> <span class='ocrx_word' id='word_1_100' title='bbox 1449 2938 1773 3003; x_wconf 84' lang='lat' dir='ltr'>Ariostia-</span> 
     </span>
     <span class='ocr_line' id='line_1_22' title="bbox 253 3033 1769 3101; baseline -0.001 -2"><span class='ocrx_word' id='word_1_101' title='bbox 253 3055 415 3099; x_wconf 89' lang='lat' dir='ltr'>num</span> <span class='ocrx_word' id='word_1_102' title='bbox 459 3035 623 3100; x_wconf 84' lang='lat' dir='ltr'>istud</span> <span class='ocrx_word' id='word_1_103' title='bbox 661 3036 998 3101; x_wconf 87' lang='lat' dir='ltr'>cimelium</span> <span class='ocrx_word' id='word_1_104' title='bbox 1034 3036 1249 3099; x_wconf 89' lang='lat' dir='ltr'>lucem</span> <span class='ocrx_word' id='word_1_105' title='bbox 1294 3033 1566 3098; x_wconf 85' lang='lat' dir='ltr'>adfudit</span> <span class='ocrx_word' id='word_1_106' title='bbox 1602 3035 1769 3098; x_wconf 88' lang='lat' dir='ltr'>alte-</span> 
     </span>
     <span class='ocr_line' id='line_1_23' title="bbox 254 3130 1767 3215; baseline 0 -22"><span class='ocrx_word' id='word_1_107' title='bbox 254 3132 315 3193; x_wconf 88' lang='lat' dir='ltr'>ri</span> <span class='ocrx_word' id='word_1_108' title='bbox 355 3130 589 3207; x_wconf 78' lang='lat' dir='ltr'>simili,</span> <span class='ocrx_word' id='word_1_109' title='bbox 641 3133 803 3215; x_wconf 90' lang='lat' dir='ltr'>qui,</span> <span class='ocrx_word' id='word_1_110' title='bbox 855 3131 965 3195; x_wconf 81' lang='lat' dir='ltr'>fed</span> <span class='ocrx_word' id='word_1_111' title='bbox 1006 3133 1227 3195; x_wconf 78' lang='lat' dir='ltr'>minus</span> <span class='ocrx_word' id='word_1_112' title='bbox 1276 3132 1580 3215; x_wconf 85' lang='lat' dir='ltr'>integer,</span> <span class='ocrx_word' id='word_1_113' title='bbox 1637 3131 1767 3213; x_wconf 87' lang='lat' dir='ltr'>pri·</span> 
     </span>
     <span class='ocr_line' id='line_1_24' title="bbox 253 3224 1768 3303; baseline -0.001 -14"><span class='ocrx_word' id='word_1_114' title='bbox 253 3226 410 3289; x_wconf 85' lang='lat' dir='ltr'>dem</span> <span class='ocrx_word' id='word_1_115' title='bbox 453 3227 521 3288; x_wconf 91' lang='lat' dir='ltr'>in</span> <span class='ocrx_word' id='word_1_116' title='bbox 565 3226 791 3288; x_wconf 80' lang='lat' dir='ltr'>museo</span> <span class='ocrx_word' id='word_1_117' title='bbox 827 3225 1163 3289; x_wconf 81' lang='lat' dir='ltr'>Caesareo</span> <span class='ocrx_word' id='word_1_118' title='bbox 1218 3224 1647 3303; x_wconf 65' lang='lat' dir='ltr'>servabatur,</span> <span class='ocrx_word' id='word_1_119' title='bbox 1699 3237 1768 3288; x_wconf 92' lang='lat' dir='ltr'>et</span> 
     </span>
     <span class='ocr_line' id='line_1_25' title="bbox 250 3318 1764 3384; baseline -0.001 -1"><span class='ocrx_word' id='word_1_120' title='bbox 250 3323 531 3383; x_wconf 89' lang='lat' dir='ltr'>nomine</span> <span class='ocrx_word' id='word_1_121' title='bbox 580 3320 1108 3384; x_wconf 84' lang='lat' dir='ltr'>KYANTILLA</span> <span class='ocrx_word' id='word_1_122' title='bbox 1155 3340 1199 3382; x_wconf 89' lang='lat' dir='ltr'>a</span> <span class='ocrx_word' id='word_1_123' title='bbox 1250 3318 1636 3382; x_wconf 85' lang='lat' dir='ltr'>Froelichio</span> <span class='ocrx_word' id='word_1_124' title='bbox 1694 3321 1764 3381; x_wconf 90' lang='lat' dir='ltr'>in</span> 
     </span>
     <span class='ocr_line' id='line_1_26' title="bbox 251 3411 1763 3498; baseline -0.002 -19"><span class='ocrx_word' id='word_1_125' title='bbox 251 3415 545 3480; x_wconf 85' lang='lat' dir='ltr'>Cimelio</span> <span class='ocrx_word' id='word_1_126' title='bbox 593 3412 780 3477; x_wconf 82' lang='lat' dir='ltr'>caes.</span> <span class='ocrx_word' id='word_1_127' title='bbox 826 3414 1117 3480; x_wconf 75' lang='lat' dir='ltr'>vindob.</span> <span class='ocrx_word' id='word_1_128' title='bbox 1168 3434 1321 3498; x_wconf 85' lang='lat' dir='ltr'><strong>pag.</strong></span> <span class='ocrx_word' id='word_1_129' title='bbox 1356 3411 1655 3477; x_wconf 81' lang='lat' dir='ltr'><strong>CLXIV.</strong></span> <span class='ocrx_word' id='word_1_130' title='bbox 1698 3434 1763 3476; x_wconf 87' lang='lat' dir='ltr'>e-</span> 
     </span>
     <span class='ocr_line' id='line_1_27' title="bbox 250 3506 1762 3594; baseline -0.004 -19"><span class='ocrx_word' id='word_1_131' title='bbox 250 3512 434 3575; x_wconf 79' lang='lat' dir='ltr'>ditus</span> <span class='ocrx_word' id='word_1_132' title='bbox 477 3506 584 3572; x_wconf 80' lang='lat' dir='ltr'>est.</span> <span class='ocrx_word' id='word_1_133' title='bbox 658 3508 763 3571; x_wconf 86' lang='lat' dir='ltr'>Ab</span> <span class='ocrx_word' id='word_1_134' title='bbox 799 3507 931 3570; x_wconf 87' lang='lat' dir='ltr'>hoc</span> <span class='ocrx_word' id='word_1_135' title='bbox 982 3521 1289 3592; x_wconf 85' lang='lat' dir='ltr'>tempore</span> <span class='ocrx_word' id='word_1_136' title='bbox 1333 3508 1580 3594; x_wconf 86' lang='lat' dir='ltr'>reperti</span> <span class='ocrx_word' id='word_1_137' title='bbox 1616 3508 1762 3594; x_wconf 90' lang='lat' dir='ltr'>plu·</span> 
     </span>
     <span class='ocr_line' id='line_1_28' title="bbox 240 3605 1760 3685; baseline -0.001 -18"><span class='ocrx_word' id='word_1_138' title='bbox 240 3624 395 3684; x_wconf 82' lang='lat' dir='ltr'>res,</span> <span class='ocrx_word' id='word_1_139' title='bbox 449 3623 532 3668; x_wconf 86' lang='lat' dir='ltr'>ac</span> <span class='ocrx_word' id='word_1_140' title='bbox 563 3615 983 3685; x_wconf 86' lang='lat' dir='ltr'>compertum</span> <span class='ocrx_word' id='word_1_141' title='bbox 1022 3605 1212 3680; x_wconf 87' lang='lat' dir='ltr'>mihi,</span> <span class='ocrx_word' id='word_1_142' title='bbox 1266 3623 1497 3666; x_wconf 87' lang='lat' dir='ltr'>eorum</span> <span class='ocrx_word' id='word_1_143' title='bbox 1537 3623 1760 3666; x_wconf 84' lang='lat' dir='ltr'>exem-</span> 
     </span>
     <span class='ocr_line' id='line_1_29' title="bbox 243 3696 1762 3791; baseline 0 -30"><span class='ocrx_word' id='word_1_144' title='bbox 243 3700 364 3786; x_wconf 85' lang='lat' dir='ltr'>pla</span> <span class='ocrx_word' id='word_1_145' title='bbox 398 3698 657 3789; x_wconf 76' lang='lat' dir='ltr'>&#39;singula</span> <span class='ocrx_word' id='word_1_146' title='bbox 711 3696 964 3762; x_wconf 80' lang='lat' dir='ltr'>exstare</span> <span class='ocrx_word' id='word_1_147' title='bbox 1022 3712 1143 3791; x_wconf 84' lang='lat' dir='ltr'>aut</span> <span class='ocrx_word' id='word_1_148' title='bbox 1173 3697 1529 3761; x_wconf 80' lang='lat' dir='ltr'>exstitiffe&#39;</span> <span class='ocrx_word' id='word_1_149' title='bbox 1511 3718 1578 3760; x_wconf 76' lang='lat' dir='ltr'>tn</span> <span class='ocrx_word' id='word_1_150' title='bbox 1620 3718 1762 3761; x_wconf 89' lang='lat' dir='ltr'>mu·</span> 
     </span>
     <span class='ocr_line' id='line_1_30' title="bbox 242 3793 1760 3872; baseline -0.001 -15"><span class='ocrx_word' id='word_1_151' title='bbox 242 3793 368 3857; x_wconf 78' lang='lat' dir='ltr'>seis</span> <span class='ocrx_word' id='word_1_152' title='bbox 422 3795 529 3861; x_wconf 89' lang='lat' dir='ltr'>ill</span> <span class='ocrx_word' id='word_1_153' title='bbox 562 3814 739 3859; x_wconf 90' lang='lat' dir='ltr'>com.</span> <span class='ocrx_word' id='word_1_154' title='bbox 785 3796 1063 3872; x_wconf 83' lang='lat' dir='ltr'>Vitzai,</span> <span class='ocrx_word' id='word_1_155' title='bbox 1114 3796 1283 3860; x_wconf 85' lang='lat' dir='ltr'>Rev.</span> <span class='ocrx_word' id='word_1_156' title='bbox 1331 3793 1556 3856; x_wconf 83' lang='lat' dir='ltr'>Klimo</span> <span class='ocrx_word' id='word_1_157' title='bbox 1595 3793 1760 3856; x_wconf 89' lang='lat' dir='ltr'>olim</span> 
     </span>
     <span class='ocr_line' id='line_1_31' title="bbox 246 3888 1754 3999; baseline 0 -48"><span class='ocrx_word' id='word_1_158' title='bbox 246 3889 546 3999; x_wconf 78' lang='lat' dir='ltr'>episcopi</span> <span class='ocrx_word' id='word_1_159' title='bbox 576 3892 891 3974; x_wconf 85' lang='lat' dir='ltr'>Quinque</span> <span class='ocrx_word' id='word_1_160' title='bbox 941 3888 1336 3954; x_wconf 79' lang='lat' dir='ltr'>eccleiienlis</span> <span class='ocrx_word' id='word_1_161' title='bbox 1370 3891 1436 3952; x_wconf 91' lang='lat' dir='ltr'>in</span> <span class='ocrx_word' id='word_1_162' title='bbox 1487 3890 1754 3974; x_wconf 84' lang='lat' dir='ltr'>Hunga-</span> 
     </span>
     <span class='ocr_line' id='line_1_32' title="bbox 237 3982 1752 4063; baseline 0 -17"><span class='ocrx_word' id='word_1_163' title='bbox 237 3985 347 4046; x_wconf 84' lang='lat' dir='ltr'>ria</span> <span class='ocrx_word' id='word_1_164' title='bbox 382 4031 403 4063; x_wconf 89' lang='lat'>,</span> <span class='ocrx_word' id='word_1_165' title='bbox 454 3997 521 4047; x_wconf 86' lang='lat' dir='ltr'>et</span> <span class='ocrx_word' id='word_1_166' title='bbox 554 3983 635 4049; x_wconf 87' lang='lat' dir='ltr'>cl.</span> <span class='ocrx_word' id='word_1_167' title='bbox 681 3986 1059 4048; x_wconf 84' lang='lat' dir='ltr'>Neumanni</span> <span class='ocrx_word' id='word_1_168' title='bbox 1094 3982 1315 4052; x_wconf 82' lang='lat' dir='ltr'>nostri.</span> <span class='ocrx_word' id='word_1_169' title='bbox 1406 3984 1596 4048; x_wconf 80' lang='lat' dir='ltr'>Alius</span> <span class='ocrx_word' id='word_1_170' title='bbox 1638 4003 1752 4046; x_wconf 90' lang='lat' dir='ltr'>nu·</span> 
     </span>
     <span class='ocr_line' id='line_1_33' title="bbox 236 4068 1752 4166; baseline -0.001 -25"><span class='ocrx_word' id='word_1_171' title='bbox 236 4068 365 4165; x_wconf 81' lang='lat' dir='ltr'>per</span> <span class='ocrx_word' id='word_1_172' title='bbox 408 4093 754 4165; x_wconf 78' lang='lat' dir='ltr'>repertus,</span> <span class='ocrx_word' id='word_1_173' title='bbox 806 4094 874 4143; x_wconf 87' lang='lat' dir='ltr'>et</span> <span class='ocrx_word' id='word_1_174' title='bbox 902 4080 1014 4145; x_wconf 85' lang='lat' dir='ltr'>hic</span> <span class='ocrx_word' id='word_1_175' title='bbox 1061 4100 1331 4166; x_wconf 89' lang='lat' dir='ltr'>quoque</span> <span class='ocrx_word' id='word_1_176' title='bbox 1367 4080 1436 4145; x_wconf 92' lang='lat' dir='ltr'>in</span> <span class='ocrx_word' id='word_1_177' title='bbox 1469 4077 1752 4162; x_wconf 80' lang='lat' dir='ltr'>Austria,</span> 
     </span>
     <span class='ocr_line' id='line_1_34' title="bbox 234 4174 1751 4260; baseline 0.001 -23.067"><span class='ocrx_word' id='word_1_178' title='bbox 234 4174 354 4237; x_wconf 87' lang='lat' dir='ltr'>ubi</span> <span class='ocrx_word' id='word_1_179' title='bbox 390 4176 783 4260; x_wconf 86' lang='lat' dir='ltr'>Hungariae</span> <span class='ocrx_word' id='word_1_180' title='bbox 818 4178 1237 4239; x_wconf 83' lang='lat' dir='ltr'>contermina</span> <span class='ocrx_word' id='word_1_181' title='bbox 1281 4174 1413 4257; x_wconf 81' lang='lat' dir='ltr'>est,</span> <span class='ocrx_word' id='word_1_182' title='bbox 1462 4176 1530 4239; x_wconf 89' lang='lat' dir='ltr'>in</span> <span class='ocrx_word' id='word_1_183' title='bbox 1565 4177 1751 4257; x_wconf 74' lang='lat' dir='ltr'>cujus</span> 
     </span>
     <span class='ocr_line' id='line_1_35' title="bbox 234 4269 1663 4359; baseline 0.001 -28"><span class='ocrx_word' id='word_1_184' title='bbox 234 4270 465 4332; x_wconf 85' lang='lat' dir='ltr'>antica</span> <span class='ocrx_word' id='word_1_185' title='bbox 482 4269 763 4359; x_wconf 88' lang='lat' dir='ltr'>legitur:</span> <span class='ocrx_word' id='word_1_186' title='bbox 814 4271 918 4335; x_wconf 79' lang='lat' dir='ltr'>SA</span> <span class='ocrx_word' id='word_1_187' title='bbox 945 4271 1124 4335; x_wconf 85' lang='lat' dir='ltr'>AVG</span> <span class='ocrx_word' id='word_1_188' title='bbox 1147 4272 1663 4335; x_wconf 82' lang='lat' dir='ltr'>YANTILLA·</span> 
     </span>
     <span class='ocr_line' id='line_1_36' title="bbox 220 4363 1752 4448; baseline 0.001 -19"><span class='ocrx_word' id='word_1_189' title='bbox 220 4370 326 4440; x_wconf 69' lang='lat' dir='ltr'>ae·</span> <span class='ocrx_word' id='word_1_190' title='bbox 360 4365 1162 4444; x_wconf 84' lang='lat' dir='ltr'>PVVNON1.RED1N.,</span> <span class='ocrx_word' id='word_1_191' title='bbox 1203 4368 1517 4448; x_wconf 90' lang='lat' dir='ltr'>quinunc</span> <span class='ocrx_word' id='word_1_192' title='bbox 1554 4363 1641 4431; x_wconf 85' lang='lat' dir='ltr'>est</span> <span class='ocrx_word' id='word_1_193' title='bbox 1681 4367 1752 4430; x_wconf 92' lang='lat' dir='ltr'>in</span> 
     </span>
    </p>
   </div>
   <div class='ocr_carea' id='block_1_7' title="bbox 228 4570 1061 4648">
    <p class='ocr_par' dir='ltr' id='par_1_7' title="bbox 228 4570 1061 4648">
     <span class='ocr_line' id='line_1_37' title="bbox 228 4570 1061 4648; baseline 0.005 -26"><span class='ocrx_word' id='word_1_194' title='bbox 228 4626 237 4631; x_wconf 68' lang='grc'>,</span> <span class='ocrx_word' id='word_1_195' title='bbox 307 4571 363 4635; x_wconf 86' lang='lat' dir='ltr'>a)</span> <span class='ocrx_word' id='word_1_196' title='bbox 402 4570 508 4625; x_wconf 83' lang='lat' dir='ltr'>IV.</span> <span class='ocrx_word' id='word_1_197' title='bbox 547 4573 809 4628; x_wconf 82' lang='lat' dir='ltr'>Teutam.</span> <span class='ocrx_word' id='word_1_198' title='bbox 842 4584 1061 4648; x_wconf 45' lang='lat'><strong>2438.</strong></span> 
     </span>
    </p>
   </div>
   <div class='ocr_carea' id='block_1_8' title="bbox 1866 1511 3380 1794">
    <p class='ocr_par' dir='ltr' id='par_1_8' title="bbox 1866 1511 3380 1794">
     <span class='ocr_line' id='line_1_38' title="bbox 1870 1511 3380 1589; baseline -0.001 -6"><span class='ocrx_word' id='word_1_199' title='bbox 1870 1519 2095 1584; x_wconf 78' lang='lat' dir='ltr'>musco</span> <span class='ocrx_word' id='word_1_200' title='bbox 2118 1519 2216 1585; x_wconf 87' lang='lat' dir='ltr'>ill</span> <span class='ocrx_word' id='word_1_201' title='bbox 2254 1516 2623 1589; x_wconf 80' lang='lat' dir='ltr'>Alexandri</span> <span class='ocrx_word' id='word_1_202' title='bbox 2647 1514 2807 1580; x_wconf 87' lang='lat' dir='ltr'>Bar</span> <span class='ocrx_word' id='word_1_203' title='bbox 2834 1517 2916 1579; x_wconf 90' lang='lat' dir='ltr'>de</span> <span class='ocrx_word' id='word_1_204' title='bbox 2940 1511 3380 1588; x_wconf 81' lang='lat' dir='ltr'>Seckendorf.</span> 
     </span>
     <span class='ocr_line' id='line_1_39' title="bbox 1866 1608 3377 1700; baseline -0.001 -23"><span class='ocrx_word' id='word_1_205' title='bbox 1866 1615 2179 1700; x_wconf 87' lang='lat' dir='ltr'>Denique</span> <span class='ocrx_word' id='word_1_206' title='bbox 2242 1608 2453 1678; x_wconf 80' lang='lat' dir='ltr'>aliurn</span> <span class='ocrx_word' id='word_1_207' title='bbox 2513 1613 2706 1676; x_wconf 88' lang='lat' dir='ltr'>citari</span> <span class='ocrx_word' id='word_1_208' title='bbox 2771 1614 2973 1676; x_wconf 89' lang='lat' dir='ltr'>video</span> <span class='ocrx_word' id='word_1_209' title='bbox 3020 1633 3062 1675; x_wconf 86' lang='lat' dir='ltr'>a</span> <span class='ocrx_word' id='word_1_210' title='bbox 3121 1614 3377 1676; x_wconf 83' lang='lat' dir='ltr'>Froeli—</span> 
     </span>
     <span class='ocr_line' id='line_1_40' title="bbox 1867 1706 3380 1794; baseline 0.001 -23"><span class='ocrx_word' id='word_1_211' title='bbox 1867 1708 2233 1787; x_wconf 85' lang='lat' dir='ltr'>chio,1&#39;ed</span> <span class='ocrx_word' id='word_1_212' title='bbox 2291 1707 2408 1794; x_wconf 78' lang='lat' dir='ltr'>ipfi</span> <span class='ocrx_word' id='word_1_213' title='bbox 2461 1708 2578 1771; x_wconf 81' lang='lat' dir='ltr'>libi</span> <span class='ocrx_word' id='word_1_214' title='bbox 2620 1721 2759 1769; x_wconf 89' lang='lat' dir='ltr'>tum</span> <span class='ocrx_word' id='word_1_215' title='bbox 2817 1709 3116 1793; x_wconf 83' lang='lat' dir='ltr'>ignotum</span> <span class='ocrx_word' id='word_1_216' title='bbox 3141 1706 3258 1787; x_wconf 79' lang='lat'>,⁸)</span> <span class='ocrx_word' id='word_1_217' title='bbox 3310 1711 3380 1772; x_wconf 88' lang='lat' dir='ltr'>in</span> 
     </span>
    </p>
   </div>
   <div class='ocr_carea' id='block_1_9' title="bbox 1834 1799 3428 4448">
    <p class='ocr_par' dir='ltr' id='par_1_9' title="bbox 1865 1799 3379 1889">
     <span class='ocr_line' id='line_1_41' title="bbox 1865 1799 3379 1889; baseline -0.001 -22"><span class='ocrx_word' id='word_1_218' title='bbox 1865 1807 2051 1884; x_wconf 87' lang='lat' dir='ltr'>cujus</span> <span class='ocrx_word' id='word_1_219' title='bbox 2089 1817 2286 1889; x_wconf 83' lang='lat' dir='ltr'>parte</span> <span class='ocrx_word' id='word_1_220' title='bbox 2322 1804 2606 1868; x_wconf 85' lang='lat' dir='ltr'>adversa</span> <span class='ocrx_word' id='word_1_221' title='bbox 2637 1802 2912 1884; x_wconf 82' lang='lat' dir='ltr'>legitur:</span> <span class='ocrx_word' id='word_1_222' title='bbox 2968 1799 3379 1884; x_wconf 84' lang='lat' dir='ltr'>PIETASA-</span> 
     </span>
    </p>

    <p class='ocr_par' dir='ltr' id='par_1_10' title="bbox 1860 1881 3376 1963">
     <span class='ocr_line' id='line_1_42' title="bbox 1860 1881 3376 1963; baseline -0.001 -2"><span class='ocrx_word' id='word_1_223' title='bbox 1860 1896 2155 1962; x_wconf 87' lang='lat' dir='ltr'>CILL-</span> <span class='ocrx_word' id='word_1_224' title='bbox 2207 1938 2229 1952; x_wconf 94' lang='lat'><em>-</em></span> <span class='ocrx_word' id='word_1_225' title='bbox 2278 1901 2349 1962; x_wconf 84' lang='lat' dir='ltr'>in</span> <span class='ocrx_word' id='word_1_226' title='bbox 2387 1899 2661 1962; x_wconf 78' lang='lat' dir='ltr'>aversa.</span> <span class='ocrx_word' id='word_1_227' title='bbox 2717 1881 3376 1963; x_wconf 73' lang='lat' dir='ltr'>IVLIANJREDIN.</span> 
     </span>
    </p>

    <p class='ocr_par' dir='ltr' id='par_1_11' title="bbox 1860 1990 3369 2056">
     <span class='ocr_line' id='line_1_43' title="bbox 1860 1990 3369 2056; baseline 0.002 -3"><span class='ocrx_word' id='word_1_228' title='bbox 1860 1992 2017 2055; x_wconf 89' lang='lat' dir='ltr'>Fuit</span> <span class='ocrx_word' id='word_1_229' title='bbox 2061 1996 2118 2056; x_wconf 82' lang='lat' dir='ltr'>is</span> <span class='ocrx_word' id='word_1_230' title='bbox 2163 1993 2665 2056; x_wconf 78' lang='lat' dir='ltr'>vindobonae</span> <span class='ocrx_word' id='word_1_231' title='bbox 2649 2013 2716 2054; x_wconf 78' lang='grc' dir='ltr'>ιι</span> <span class='ocrx_word' id='word_1_232' title='bbox 2755 1991 2977 2054; x_wconf 79' lang='lat' dir='ltr'>museo</span> <span class='ocrx_word' id='word_1_233' title='bbox 3036 1990 3369 2056; x_wconf 84' lang='lat' dir='ltr'>Garellia-</span> 
     </span>
    </p>

    <p class='ocr_par' dir='ltr' id='par_1_12' title="bbox 1847 2086 3397 3021">
     <span class='ocr_line' id='line_1_44' title="bbox 1859 2086 3397 2156; baseline 0.005 -8"><span class='ocrx_word' id='word_1_234' title='bbox 1859 2105 1971 2150; x_wconf 90' lang='lat' dir='ltr'>no.</span> <span class='ocrx_word' id='word_1_235' title='bbox 2024 2088 2328 2149; x_wconf 88' lang='lat' dir='ltr'>Eundem</span> <span class='ocrx_word' id='word_1_236' title='bbox 2380 2086 2554 2148; x_wconf 87' lang='lat' dir='ltr'>hunc</span> <span class='ocrx_word' id='word_1_237' title='bbox 2619 2106 2889 2148; x_wconf 85' lang='lat' dir='ltr'>numum</span> <span class='ocrx_word' id='word_1_238' title='bbox 2945 2086 3147 2151; x_wconf 75' lang='lat' dir='ltr'>serius</span> <span class='ocrx_word' id='word_1_239' title='bbox 3212 2090 3397 2156; x_wconf 23' lang='lat' dir='ltr'>mihi&lt;</span> 
     </span>
     <span class='ocr_line' id='line_1_45' title="bbox 1858 2179 3375 2266; baseline 0.002 -24"><span class='ocrx_word' id='word_1_240' title='bbox 1858 2180 2182 2266; x_wconf 85' lang='lat' dir='ltr'>inspicere</span> <span class='ocrx_word' id='word_1_241' title='bbox 2209 2180 2422 2257; x_wconf 81' lang='lat' dir='ltr'>licuit,</span> <span class='ocrx_word' id='word_1_242' title='bbox 2475 2179 2677 2243; x_wconf 82' lang='lat' dir='ltr'>sedin</span> <span class='ocrx_word' id='word_1_243' title='bbox 2710 2182 2894 2260; x_wconf 82' lang='lat' dir='ltr'>cujus</span> <span class='ocrx_word' id='word_1_244' title='bbox 2920 2183 3147 2244; x_wconf 86' lang='lat' dir='ltr'>antica</span> <span class='ocrx_word' id='word_1_245' title='bbox 3193 2182 3375 2245; x_wconf 89' lang='lat' dir='ltr'>lucu·</span> 
     </span>
     <span class='ocr_line' id='line_1_46' title="bbox 1856 2274 3377 2361; baseline 0.001 -25"><span class='ocrx_word' id='word_1_246' title='bbox 1856 2274 2108 2339; x_wconf 88' lang='lat' dir='ltr'>lentam</span> <span class='ocrx_word' id='word_1_247' title='bbox 2129 2276 2275 2338; x_wconf 77' lang='lat' dir='ltr'>vidi</span> <span class='ocrx_word' id='word_1_248' title='bbox 2298 2276 2712 2361; x_wconf 80' lang='lat' dir='ltr'>epigraphen</span> <span class='ocrx_word' id='word_1_249' title='bbox 2730 2274 3286 2339; x_wconf 88' lang='lat' dir='ltr'>PIETASNTIL</span> <span class='ocrx_word' id='word_1_250' title='bbox 3309 2313 3330 2326; x_wconf 93' lang='lat'>-</span> <span class='ocrx_word' id='word_1_251' title='bbox 3347 2310 3377 2330; x_wconf 81' lang='lat'><em>-</em></span> 
     </span>
     <span class='ocr_line' id='line_1_47' title="bbox 1857 2369 3372 2435; baseline 0.003 -4"><span class='ocrx_word' id='word_1_252' title='bbox 1857 2373 2172 2433; x_wconf 88' lang='lat' dir='ltr'>nimirum</span> <span class='ocrx_word' id='word_1_253' title='bbox 2219 2393 2287 2435; x_wconf 84' lang='grc' dir='ltr'>το</span> <span class='ocrx_word' id='word_1_254' title='bbox 2328 2370 2644 2435; x_wconf 85' lang='lat' dir='ltr'>PIETAS</span> <span class='ocrx_word' id='word_1_255' title='bbox 2694 2369 2892 2433; x_wconf 81' lang='lat' dir='ltr'>reflat</span> <span class='ocrx_word' id='word_1_256' title='bbox 2954 2391 3039 2433; x_wconf 81' lang='lat' dir='ltr'>ex</span> <span class='ocrx_word' id='word_1_257' title='bbox 3089 2374 3372 2435; x_wconf 82' lang='lat' dir='ltr'>matrice</span> 
     </span>
     <span class='ocr_line' id='line_1_48' title="bbox 1855 2466 3375 2549; baseline 0.005 -21"><span class='ocrx_word' id='word_1_258' title='bbox 1855 2477 2126 2548; x_wconf 84' lang='lat' dir='ltr'>vetere,</span> <span class='ocrx_word' id='word_1_259' title='bbox 2177 2488 2244 2529; x_wconf 84' lang='grc' dir='ltr'>το</span> <span class='ocrx_word' id='word_1_260' title='bbox 2305 2466 2526 2549; x_wconf 81' lang='lat' dir='ltr'>NTIL</span> <span class='ocrx_word' id='word_1_261' title='bbox 2588 2507 2618 2523; x_wconf 87' lang='lat'>-</span> <span class='ocrx_word' id='word_1_262' title='bbox 2696 2466 2783 2528; x_wconf 81' lang='lat' dir='ltr'>ad</span> <span class='ocrx_word' id='word_1_263' title='bbox 2839 2466 3375 2549; x_wconf 80' lang='lat' dir='ltr'>DryaNTlLlam</span> 
     </span>
     <span class='ocr_line' id='line_1_49' title="bbox 1854 2558 3374 2647; baseline 0.002 -25"><span class='ocrx_word' id='word_1_264' title='bbox 1854 2561 2165 2645; x_wconf 86' lang='lat' dir='ltr'>pertinet.</span> <span class='ocrx_word' id='word_1_265' title='bbox 2228 2560 2404 2624; x_wconf 83' lang='lat' dir='ltr'>Satis</span> <span class='ocrx_word' id='word_1_266' title='bbox 2424 2575 2752 2647; x_wconf 85' lang='lat' dir='ltr'>apparet,</span> <span class='ocrx_word' id='word_1_267' title='bbox 2807 2558 3162 2646; x_wconf 84' lang='lat' dir='ltr'>utrumque</span> <span class='ocrx_word' id='word_1_268' title='bbox 3196 2561 3374 2626; x_wconf 87' lang='lat' dir='ltr'>hunc</span> 
     </span>
     <span class='ocr_line' id='line_1_50' title="bbox 1851 2656 3368 2733; baseline 0 -14"><span class='ocrx_word' id='word_1_269' title='bbox 1851 2676 2133 2719; x_wconf 86' lang='lat' dir='ltr'>numum</span> <span class='ocrx_word' id='word_1_270' title='bbox 2178 2656 2303 2720; x_wconf 86' lang='lat' dir='ltr'>ess&#39;e</span> <span class='ocrx_word' id='word_1_271' title='bbox 2337 2658 2686 2733; x_wconf 83' lang='lat' dir='ltr'>recusum,</span> <span class='ocrx_word' id='word_1_272' title='bbox 2739 2668 2806 2719; x_wconf 87' lang='lat' dir='ltr'>et</span> <span class='ocrx_word' id='word_1_273' title='bbox 2853 2669 3056 2720; x_wconf 86' lang='lat' dir='ltr'>antea</span> <span class='ocrx_word' id='word_1_274' title='bbox 3090 2656 3368 2721; x_wconf 78' lang='lat' dir='ltr'>alterius</span> 
     </span>
     <span class='ocr_line' id='line_1_51' title="bbox 1855 2748 3366 2837; baseline 0 -22"><span class='ocrx_word' id='word_1_275' title='bbox 1855 2748 2223 2836; x_wconf 71' lang='lat' dir='ltr'>Augustae,</span> <span class='ocrx_word' id='word_1_276' title='bbox 2277 2764 2343 2815; x_wconf 87' lang='lat' dir='ltr'>et</span> <span class='ocrx_word' id='word_1_277' title='bbox 2388 2750 3028 2815; x_wconf 81' lang='lat' dir='ltr'>Seckendorfianum</span> <span class='ocrx_word' id='word_1_278' title='bbox 3091 2754 3366 2837; x_wconf 86' lang='lat' dir='ltr'>quidem</span> 
     </span>
     <span class='ocr_line' id='line_1_52' title="bbox 1849 2831 3365 2913; baseline 0.004 -6"><span class='ocrx_word' id='word_1_279' title='bbox 1849 2844 2040 2909; x_wconf 78' lang='lat' dir='ltr'>fuiss&#39;e</span> <span class='ocrx_word' id='word_1_280' title='bbox 2075 2845 2371 2911; x_wconf 72' lang='lat' dir='ltr'>MavSAe</span> <span class='ocrx_word' id='word_1_281' title='bbox 2414 2831 2623 2910; x_wconf 76' lang='lat' dir='ltr'>AvG.</span> <span class='ocrx_word' id='word_1_282' title='bbox 2661 2867 2815 2911; x_wconf 90' lang='lat' dir='ltr'>cum</span> <span class='ocrx_word' id='word_1_283' title='bbox 2866 2846 3102 2911; x_wconf 79' lang='lat' dir='ltr'>aversa</span> <span class='ocrx_word' id='word_1_284' title='bbox 3150 2849 3365 2913; x_wconf 75' lang='lat' dir='ltr'>Pvai-</span> 
     </span>
     <span class='ocr_line' id='line_1_53' title="bbox 1847 2940 3365 3021; baseline -0.003 -14"><span class='ocrx_word' id='word_1_285' title='bbox 1847 2944 2067 3016; x_wconf 64' lang='lat' dir='ltr'>citicae,</span> <span class='ocrx_word' id='word_1_286' title='bbox 2123 2942 2411 3004; x_wconf 87' lang='lat' dir='ltr'>alterum</span> <span class='ocrx_word' id='word_1_287' title='bbox 2495 2940 2959 3005; x_wconf 86' lang='lat' dir='ltr'>Garellianum</span> <span class='ocrx_word' id='word_1_288' title='bbox 3018 2945 3365 3021; x_wconf 81' lang='lat' dir='ltr'>cujuscun-</span> 
     </span>
    </p>

    <p class='ocr_par' dir='ltr' id='par_1_13' title="bbox 1841 3036 3365 3573">
     <span class='ocr_line' id='line_1_54' title="bbox 1850 3036 3365 3122; baseline 0 -22"><span class='ocrx_word' id='word_1_289' title='bbox 1850 3057 1980 3122; x_wconf 88' lang='lat' dir='ltr'>que</span> <span class='ocrx_word' id='word_1_290' title='bbox 2001 3036 2288 3101; x_wconf 77' lang='lat' dir='ltr'>IVLIAe</span> <span class='ocrx_word' id='word_1_291' title='bbox 2324 3056 2476 3100; x_wconf 88' lang='lat' dir='ltr'>curn</span> <span class='ocrx_word' id='word_1_292' title='bbox 2520 3039 2752 3101; x_wconf 86' lang='lat' dir='ltr'>aversa</span> <span class='ocrx_word' id='word_1_293' title='bbox 2791 3037 3139 3114; x_wconf 83' lang='lat' dir='ltr'>PIETAS,</span> <span class='ocrx_word' id='word_1_294' title='bbox 3182 3039 3365 3120; x_wconf 87' lang='lat' dir='ltr'>quod</span> 
     </span>
     <span class='ocr_line' id='line_1_55' title="bbox 1845 3130 3363 3217; baseline -0.001 -21"><span class='ocrx_word' id='word_1_295' title='bbox 1845 3144 2135 3217; x_wconf 88' lang='lat' dir='ltr'>arguunt</span> <span class='ocrx_word' id='word_1_296' title='bbox 2171 3130 2469 3196; x_wconf 69' lang='lat' dir='ltr'>residuae</span> <span class='ocrx_word' id='word_1_297' title='bbox 2500 3133 2740 3196; x_wconf 83' lang='lat' dir='ltr'>literae</span> <span class='ocrx_word' id='word_1_298' title='bbox 2779 3132 3025 3215; x_wconf 79' lang='lat' dir='ltr'>prioris</span> <span class='ocrx_word' id='word_1_299' title='bbox 3063 3134 3363 3195; x_wconf 79' lang='lat' dir='ltr'>matricis</span> 
     </span>
     <span class='ocr_line' id='line_1_56' title="bbox 1845 3225 3356 3290; baseline -0.001 -1"><span class='ocrx_word' id='word_1_300' title='bbox 1845 3228 2101 3290; x_wconf 80' lang='lat' dir='ltr'>mixtae</span> <span class='ocrx_word' id='word_1_301' title='bbox 2158 3245 2311 3288; x_wconf 89' lang='lat' dir='ltr'>cum</span> <span class='ocrx_word' id='word_1_302' title='bbox 2371 3227 2583 3290; x_wconf 76' lang='lat' dir='ltr'>literis</span> <span class='ocrx_word' id='word_1_303' title='bbox 2652 3225 2952 3289; x_wconf 77' lang='lat' dir='ltr'>matricis</span> <span class='ocrx_word' id='word_1_304' title='bbox 3024 3226 3356 3288; x_wconf 82' lang='lat' dir='ltr'>noviciae.</span> 
     </span>
     <span class='ocr_line' id='line_1_57' title="bbox 1844 3317 3358 3403; baseline -0.001 -21"><span class='ocrx_word' id='word_1_305' title='bbox 1844 3321 2070 3382; x_wconf 88' lang='lat' dir='ltr'>Alium</span> <span class='ocrx_word' id='word_1_306' title='bbox 2108 3318 2301 3399; x_wconf 80' lang='lat' dir='ltr'>hujus</span> <span class='ocrx_word' id='word_1_307' title='bbox 2359 3317 2675 3403; x_wconf 77' lang='lat' dir='ltr'>Augustae</span> <span class='ocrx_word' id='word_1_308' title='bbox 2707 3321 2773 3382; x_wconf 87' lang='lat' dir='ltr'>in</span> <span class='ocrx_word' id='word_1_309' title='bbox 2812 3330 3197 3382; x_wconf 79' lang='lat' dir='ltr'>exterorum</span> <span class='ocrx_word' id='word_1_310' title='bbox 3220 3339 3358 3380; x_wconf 70' lang='lat' dir='ltr'>mu-</span> 
     </span>
     <span class='ocr_line' id='line_1_58' title="bbox 1841 3412 3359 3499; baseline -0.001 -23"><span class='ocrx_word' id='word_1_311' title='bbox 1841 3414 2099 3476; x_wconf 86' lang='lat' dir='ltr'>seorum</span> <span class='ocrx_word' id='word_1_312' title='bbox 2198 3413 2530 3499; x_wconf 84' lang='lat' dir='ltr'>catalogis</span> <span class='ocrx_word' id='word_1_313' title='bbox 2606 3415 2908 3479; x_wconf 86' lang='lat' dir='ltr'>nondum</span> <span class='ocrx_word' id='word_1_314' title='bbox 2993 3412 3359 3477; x_wconf 83' lang='lat' dir='ltr'>memorari</span> 
     </span>
     <span class='ocr_line' id='line_1_59' title="bbox 1842 3508 2007 3573; baseline -0.012 0"><span class='ocrx_word' id='word_1_315' title='bbox 1842 3508 2007 3573; x_wconf 81' lang='lat' dir='ltr'>vidi.</span> 
     </span>
    </p>

    <p class='ocr_par' dir='ltr' id='par_1_14' title="bbox 1834 3601 3428 4448">
     <span class='ocr_line' id='line_1_60' title="bbox 1939 3601 3356 3689; baseline -0.001 -23"><span class='ocrx_word' id='word_1_316' title='bbox 1939 3604 2109 3666; x_wconf 87' lang='lat' dir='ltr'>Eam</span> <span class='ocrx_word' id='word_1_317' title='bbox 2147 3624 2256 3667; x_wconf 87' lang='lat' dir='ltr'>me</span> <span class='ocrx_word' id='word_1_318' title='bbox 2291 3604 2513 3686; x_wconf 79' lang='lat' dir='ltr'>judice</span> <span class='ocrx_word' id='word_1_319' title='bbox 2563 3623 2694 3667; x_wconf 90' lang='lat' dir='ltr'>non</span> <span class='ocrx_word' id='word_1_320' title='bbox 2740 3601 2920 3689; x_wconf 81' lang='lat' dir='ltr'>poss’e</span> <span class='ocrx_word' id='word_1_321' title='bbox 2954 3603 3356 3688; x_wconf 85' lang='lat' dir='ltr'>opportuni-</span> 
     </span>
     <span class='ocr_line' id='line_1_61' title="bbox 1844 3697 3352 3785; baseline -0.001 -25"><span class='ocrx_word' id='word_1_322' title='bbox 1844 3716 1923 3761; x_wconf 82' lang='lat' dir='ltr'>us</span> <span class='ocrx_word' id='word_1_323' title='bbox 1971 3699 2259 3778; x_wconf 82' lang='lat' dir='ltr'>sociari,</span> <span class='ocrx_word' id='word_1_324' title='bbox 2326 3718 2532 3784; x_wconf 88' lang='lat' dir='ltr'>quam</span> <span class='ocrx_word' id='word_1_325' title='bbox 2599 3698 3020 3785; x_wconf 83' lang='lat' dir='ltr'>Regaliano,</span> <span class='ocrx_word' id='word_1_326' title='bbox 3084 3697 3352 3781; x_wconf 83' lang='lat' dir='ltr'>sequen-</span> 
     </span>
     <span class='ocr_line' id='line_1_62' title="bbox 1840 3784 3353 3891; baseline -0.001 -35"><span class='ocrx_word' id='word_1_327' title='bbox 1840 3795 1940 3857; x_wconf 87' lang='lat' dir='ltr'>tia</span> <span class='ocrx_word' id='word_1_328' title='bbox 1968 3795 2284 3858; x_wconf 82' lang='lat' dir='ltr'>videntur</span> <span class='ocrx_word' id='word_1_329' title='bbox 2319 3793 2741 3891; x_wconf 80' lang='lat' dir='ltr'>persuadere.</span> <span class='ocrx_word' id='word_1_330' title='bbox 2810 3795 2864 3859; x_wconf 88' lang='lat'>1.</span> <span class='ocrx_word' id='word_1_331' title='bbox 2914 3794 3071 3875; x_wconf 79' lang='lat' dir='ltr'>Ejus</span> <span class='ocrx_word' id='word_1_332' title='bbox 3121 3784 3353 3879; x_wconf 81' lang='lat' dir='ltr'>hacte-</span> 
     </span>
     <span class='ocr_line' id='line_1_63' title="bbox 1836 3884 3349 4000; baseline -0.001 -48"><span class='ocrx_word' id='word_1_333' title='bbox 1836 3908 1964 3957; x_wconf 73' lang='lat' dir='ltr'>nus</span> <span class='ocrx_word' id='word_1_334' title='bbox 1997 3890 2180 3978; x_wconf 81' lang='lat' dir='ltr'>numi</span> <span class='ocrx_word' id='word_1_335' title='bbox 2217 3892 2284 3954; x_wconf 90' lang='lat' dir='ltr'>in</span> <span class='ocrx_word' id='word_1_336' title='bbox 2326 3890 2472 3954; x_wconf 81' lang='lat' dir='ltr'>sola</span> <span class='ocrx_word' id='word_1_337' title='bbox 2499 3884 2902 4000; x_wconf 79' lang='lat' dir='ltr'>Hungaria‚</span> <span class='ocrx_word' id='word_1_338' title='bbox 2955 3902 3021 3952; x_wconf 89' lang='lat' dir='ltr'>et</span> <span class='ocrx_word' id='word_1_339' title='bbox 3049 3890 3349 3975; x_wconf 55' lang='lat' dir='ltr'>contigua</span> 
     </span>
     <span class='ocr_line' id='line_1_64' title="bbox 1836 3985 3346 4072; baseline 0.003 -25"><span class='ocrx_word' id='word_1_340' title='bbox 1836 3985 1897 4049; x_wconf 85' lang='lat' dir='ltr'>is</span> <span class='ocrx_word' id='word_1_341' title='bbox 1946 3986 2315 4072; x_wconf 81' lang='lat' dir='ltr'>provinciis</span> <span class='ocrx_word' id='word_1_342' title='bbox 2369 3986 2617 4071; x_wconf 85' lang='lat' dir='ltr'>reperti</span> <span class='ocrx_word' id='word_1_343' title='bbox 2664 3985 2848 4064; x_wconf 86' lang='lat' dir='ltr'>sunt,</span> <span class='ocrx_word' id='word_1_344' title='bbox 2932 4005 3066 4069; x_wconf 87' lang='lat' dir='ltr'>quo</span> <span class='ocrx_word' id='word_1_345' title='bbox 3117 3985 3346 4070; x_wconf 85' lang='lat' dir='ltr'>palam</span> 
     </span>
     <span class='ocr_line' id='line_1_65' title="bbox 1836 4080 3346 4165; baseline 0 -22"><span class='ocrx_word' id='word_1_346' title='bbox 1836 4081 2199 4165; x_wconf 76' lang='lat' dir='ltr'>docemur,</span> <span class='ocrx_word' id='word_1_347' title='bbox 2255 4080 2442 4145; x_wconf 82' lang='lat' dir='ltr'>fuiss&#39;e</span> <span class='ocrx_word' id='word_1_348' title='bbox 2465 4100 2747 4144; x_wconf 85' lang='lat' dir='ltr'>uxorem</span> <span class='ocrx_word' id='word_1_349' title='bbox 2787 4081 2979 4145; x_wconf 87' lang='lat' dir='ltr'>unius</span> <span class='ocrx_word' id='word_1_350' title='bbox 3012 4101 3096 4144; x_wconf 83' lang='lat' dir='ltr'>ex</span> <span class='ocrx_word' id='word_1_351' title='bbox 3118 4087 3346 4164; x_wconf 67' lang='lat' dir='ltr'>tyran</span> 
     </span>
     <span class='ocr_line' id='line_1_66' title="bbox 1835 4176 3428 4262; baseline -0.001 -24"><span class='ocrx_word' id='word_1_352' title='bbox 1835 4178 1981 4254; x_wconf 83' lang='lat' dir='ltr'>nis,</span> <span class='ocrx_word' id='word_1_353' title='bbox 2057 4177 2173 4261; x_wconf 88' lang='lat' dir='ltr'>qui</span> <span class='ocrx_word' id='word_1_354' title='bbox 2237 4178 2596 4262; x_wconf 82' lang='lat' dir='ltr'>imperium</span> <span class='ocrx_word' id='word_1_355' title='bbox 2650 4176 2765 4240; x_wconf 76' lang='lat' dir='ltr'>fibi</span> <span class='ocrx_word' id='word_1_356' title='bbox 2817 4177 2885 4241; x_wconf 92' lang='lat' dir='ltr'>in</span> <span class='ocrx_word' id='word_1_357' title='bbox 2948 4177 3082 4240; x_wconf 85' lang='lat' dir='ltr'>hoc</span> <span class='ocrx_word' id='word_1_358' title='bbox 3124 4186 3344 4238; x_wconf 82' lang='lat' dir='ltr'>tractu</span> <span class='ocrx_word' id='word_1_359' title='bbox 3417 4228 3428 4237; x_wconf 60' lang='lat'>„</span> 
     </span>
     <span class='ocr_line' id='line_1_67' title="bbox 1834 4269 3344 4356; baseline -0.003 -21"><span class='ocrx_word' id='word_1_360' title='bbox 1834 4291 1958 4356; x_wconf 89' lang='lat' dir='ltr'>per</span> <span class='ocrx_word' id='word_1_361' title='bbox 1996 4272 2139 4336; x_wconf 80' lang='lat' dir='ltr'>vim</span> <span class='ocrx_word' id='word_1_362' title='bbox 2174 4272 2545 4350; x_wconf 78' lang='lat' dir='ltr'>extorsere,</span> <span class='ocrx_word' id='word_1_363' title='bbox 2599 4273 2819 4355; x_wconf 78' lang='lat' dir='ltr'>qualis</span> <span class='ocrx_word' id='word_1_364' title='bbox 2858 4283 3004 4336; x_wconf 89' lang='lat' dir='ltr'>erat</span> <span class='ocrx_word' id='word_1_365' title='bbox 3024 4269 3344 4355; x_wconf 83' lang='lat' dir='ltr'>Regalia-</span> 
     </span>
     <span class='ocr_line' id='line_1_68' title="bbox 1837 4365 3340 4448; baseline -0.003 -18"><span class='ocrx_word' id='word_1_366' title='bbox 1837 4387 1984 4432; x_wconf 78' lang='lat' dir='ltr'>nus.</span> <span class='ocrx_word' id='word_1_367' title='bbox 2035 4367 2371 4448; x_wconf 84' lang='lat' dir='ltr'>Fabrica‚</span> <span class='ocrx_word' id='word_1_368' title='bbox 2421 4387 2505 4432; x_wconf 88' lang='lat' dir='ltr'>ac</span> <span class='ocrx_word' id='word_1_369' title='bbox 2538 4367 2886 4433; x_wconf 83' lang='lat' dir='ltr'>literarum</span> <span class='ocrx_word' id='word_1_370' title='bbox 2935 4365 3161 4428; x_wconf 87' lang='lat' dir='ltr'>forma</span> <span class='ocrx_word' id='word_1_371' title='bbox 3196 4378 3340 4427; x_wconf 84' lang='lat' dir='ltr'>tarn</span> 
     </span>
    </p>
   </div>
  </div>
 </body>
</html>
