4242 5459
1402 523 2272 621 'COMMoDva
3283 585 3438 652 -n7

295 745 620 823 litlectio‚
674 764 824 808 cum
870 745 1128 829 primas
1158 743 1243 806 .in
1285 725 1520 810 aversa
1554 747 1816 831 epigra·
1906 744 2563 829 quartum'Baldinus
2586 748 3175 819 adVaillantium:
3204 755 3415 824 PRO.

294 842 459 927 phes
498 833 733 904 literas
771 841 896 904 esse
944 842 1113 903 Ρ.Ρ.
1155 842 1536 922 edicerent,
1603 855 1813 925 atque
1900 842 2083 906 VID.
2121 842 2330 907 Av-G.
2434 848 2524 924 At
2557 863 2735 908 nunc
2789 843 3032 911 harum
3067 850 3419 920 literarum

293 937 374 999 iis
410 938 589 1000 adeo
630 939 887 1001 Patrem
927 936 1195 1002 Patriae
1242 937 1579 1001 censerent
1628 925 1823 999 indi-·
1896 933 2291 1019 fignificatio
2344 939 2813 1023 expedienda,
2904 945 3090 1026 quod
3143 950 3420 1030 quidem

295 1035 451 1096 cari.
546 1032 705 1115 Quo
761 1046 1086 1116 ⁴tempore
1163 1033 1550 1117 catalogum
1604 1033 1811 1097 musei

299 1125 604 1191 Caesarei
650 1126 1211 1212 conscripseram,
1267 1131 1330 1192 in
1380 1149 1584 1193 numo
1640 1129 1807 1191 fimi.

296 1223 384 1300 li,
438 1244 635 1306 quem
672 1238 814 1285 tum
850 1225 1093 1309 reperi,
1148 1223 1353 1287 facile
1389 1225 1660 1308 quidem
1691 1225 1808 1286 ad·

296 1321 525 1395 verti,
601 1320 893 1382 alterum
970 1320 1375 1383 elementum
1452 1320 1576 1382 esse
1658 1338 1808 1382 ccr-

292 1429 435 1480 tum
487 1416 546 1478 D
575 1462 594 1494 ,
646 1435 883 1478 verum
930 1435 1016 1478 eo
1053 1416 1446 1500 imprudens
1482 1416 1807 1500 peccavi,

290 1514 477 1596 quod
556 1513 852 1597 primam
917 1512 1187 1574 literam
1268 1512 1393 1588 ess'e
1466 1513 1526 1574 D
1609 1525 1810 1598 puta-

290 1629 434 1672 rem
520 1609 590 1671 in
678 1628 887 1672 numo
969 1627 1053 1670 eo
1133 1608 1290 1671 loco
1387 1608 1811 1690 aliquantum

284 1705 575 1782 vitiam,
627 1702 712 1767 lic
747 1715 822 1767 ut
860 1725 983 1790 pro
1008 1705 1265 1766 credito
1291 1705 1445 1767 aliis
1484 1706 1561 1768 Ρ..
1600 1704 1683 1766 P.
1714 1702 1808 1764 le·

280 1801 580 1886 gendum
629 1801 716 1866 D.
771 1801 857 1867 D.
932 1799 1289 1865 censerem.
1361 1800 1600 1863 ‘Serius
1640 1798 1814 1862 alter

298 1897 511 1981 magis
541 1896 735 1959 sanus
774 1893 996 1960 museo
1043 1896 1344 1974 accessit,
1394 1898 1554 1981 qui,
1602 1909 1676 1959 ut
1712 1895 1808 1957 su·

300 2009 429 2074 'pra
485 1991 1004 2078 descripseram,
1082 1990 1316 2056 literas
1392 1990 1812 2055 indubitatas

310 2086 383 2148 Ρ.
418 2088 501 2153 D.
538 2083 734 2165 stitit,
790 2110 877 2151 ex
909 2091 1095 2169 cujus
1132 2090 1308 2151 adeo
1347 2097 1818 2172 praeceptoeet

317 2192 654 2246 veteranus
719 2184 1040 2261 illorum,
1122 2202 1443 2267 meusque
1504 2183 1815 2245 novicius

316 2294 487 2341 error
519 2277 811 2348 feliciter
841 2281 1291 2365 corrigendus.
1356 2279 1561 2348 Haud
1602 2276 1812 2338 multo

312 2370 449 2453 post
484 2375 574 2454 ia,
628 2396 827 2458 quem
862 2377 1078 2438 altero
1122 2374 1233 2436 hic
1275 2374 1433 2436 loco
1472 2371 1814 2447 recensui,

314 2466 382 2530 in
410 2469 777 2534 thesaurum
818 2470 1218 2534 Caesareum
1286 2470 1636 2552 pervenit,
1704 2486 1812 2529 cu·

310 2565 407 2642 jus
442 2565 666 2629 aversa
704 2565 915 2650 priori
947 2568 1034 2628 ad
1085 2584 1353 2627 omnem
1402 2566 1667 2649 apicem
1726 2559 1814 2623 est

316 2656 664 2740 simillima,
733 2661 844 2723 nisi
906 2664 1086 2746 quod
1140 2663 1208 2724 in
1258 2662 1389 2723 hac
1446 2661 1686 2724 literae
1711 2658 1809 2719 ··P.

314 2751 403 2818 D.
450 2757 715 2819 omissae
776 2756 941 2819 sunt.
1071 2763 1161 2820 At
1221 2778 1376 2843 cum
1431 2760 1570 2838 ejus
1625 2753 1808 2817 numi

316 2864 558 2928 partem
597 2871 877 2936 quoque
896 2853 1192 2916 anticam
1232 2853 1551 2915 attentiuiz
1586 2851 1809 2935 perlu-

316 2939 563 3010 strarem
590 2996 609 3026 ‚
650 2950 833 3030 vidi,
885 2950 951 3010 in
988 2949 1164 3011 hanc
1197 2946 1807 3011 easdem'fuiss'e’li·

285 3046 489 3102 ’ἵει-εις
517 3048 866 3125 trajectaS,
964 3057 1028 3107 et
1076 3043 1242 3126 justo
1304 3043 1664 3106 intervallo
1698 3043 1805 3106 -ab

310 3133 567 3217 reliqua
595 3140 1019 3225 inscriptione
1064 3141 1375 3221 utrinque
1409 3140 1674 3204 avulsas
1707 3140 1803 3202 so-

316 3219 591 3295 litariam
651 3233 838 3297 infra
902 3235 1100 3320 ipsius
1171 3233 1538 3315 ,Commodi
1600 3247 1808 3319 caput

314 3317 640 3393 Rationem
676 3331 1005 3396 obtinere.
1058 3317 1299 3395 Ea-“res
1322 3344 1598 3415 propter
1635 3330 1802 3393 inso-

305 3416 571 3486 lentiam
604 3429 776 3488 mira
807 3426 960 3490 sane
993 3428 1160 3505 visa,
1230 3445 1391 3488 nam
1441 3424 1677 3488 literae
1705 3416 1800 3488 so'·

307 3510 564 3582 litat-iae
617 3522 683 3583 in
722 3536 919 3604 parte
969 3509 1199 3587 antica
1258 3514 1576 3584 monetae
1630 3519 1799 3584 Cae-

304 3606 523 3677 -sareae
581 3618 918 3704 prioribus
974 3620 1190 3683 tribus
1241 3616 1520 3680 saeculis
1570 3615 1797 3678 locum

314 3703 427 3768 vix
451 3709 689 3791 habet,
740 3712 1079 3800 instigavit
1110 3761 1129 3792 ‚
1182 3728 1255 3778 ut
1308 3732 1543 3776 omues
1597 3710 1797 3773 Com-

306 3803 485 3865 -modi
527 3818 766 3872 numos
816 3808 1117 3874 secundis
1152 3813 1327 3873 curis
1380 3810 1449 3871 in
1509 3827 1794 3880 examen

316 3912 647 3976 vocarem..
684 3906 789 3968 Ex
813 3926 948 3988 quo
981 3907 1362 3990 inquirendi
1398 3903 1608 3968 studio
1643 3922 1795 3986 eum

320 3993 451 4075 cepi
483 3995 812 4078 fructum,
865 4014 938 4064 ut
992 4015 1264 4086 praeter
1317 3991 1469 4064 eu'in
1506 4047 1524 4077 ,
1594 4018 1793 4082 quem

312 4100 462 4150 mox
482 4094 721 4172 citavi,
768 4085 909 4160 tres
955 4098 1128 4160 alios
1162 4096 1801 4180 reperiremiisdem

320 4175 504 4247 literis
540 4192 784 4253 eodem
815 4190 995 4255 infra
1033 4206 1239 4275 caput
1290 4191 1442 4254 loco
1498 4188 1792 4267 onustos,
1857 4194 1861 4198 ’
1932 4193 1953 4208 ‘

319 4292 521 4344 omnes
574 4286 627 4348 Ι.
684 4285 992 4364 formae,
1053 4300 1274 4372 -atque
1345 4307 1574 4350 omnes
1638 4287 1797 4352 anni

318 4376 694 4458 praesentis,
770 4403 1054 4467 quorum
1131 4398 1299 4447 unns
1386 4383 1791 4466 inscriptus:

316 4461 811 4543 HDAEXERC.
864 4479 1066 4554 alten
1136 4478 1796 4545 1ov1.ExstER.

314 4568 587 4635 aenium.
624 4575 1132 4644 Nonam-AS.
1198 4573 1415 4643 avc.
1518 4575 1800 4640 Addidit

1891 1032 2357 1103 Buonarrotus
2395 1034 2583 1098 aliud
2639 1035 2904 1121 agendo
2948 1043 3242 1103 tentavit
3290 1064 3414 1128 po·

1886 1129 2020 1226 tius
2048 1176 2067 1204 ‚
2153 1149 2359 1213 quam
2425 1132 2727 1216 peregit.
2849 1134 3157 1218 (Offerv.
3219 1135 3424 1212 istor..

1888 1242 2047 1309 Pag-
2087 1223 2291 1309 394⁴)

1987 1318 2262 1383 Certum
2325 1318 2458 1399 est,
2526 1341 2642 1386 eas
2690 1324 2783 1387 a‘d
2819 1325 3298 1413 ipsampartis
3329 1349 3408 1394 a·

1887 1415 2118 1479 versae
2175 1416 2674 1502 inscriptionem
2707 1440 2859 1500 ‚non
2907 1424 3247 1505 pertinere
3293 1445 3414 1489 ne-

1889 1511 2170 1575 cessario
2191 1559 2212 1588 ‚
2267 1514 2519 1576 cumin
2546 1513 2700 1578 aliis
2740 1515 2894 1579 illas
2928 1514 3148 1579 abess'e
3182 1522 3417 1585 videa—

1891 1626 2062 1668 mus,
2117 1605 2392 1672 Certum
2434 1610 2686 1687 etiam,
2738 1612 3065 1694 quoniam
3116 1612 3415 1679 solitarie

1890 1702 1960 1764 in
1999 1702 2152 1766 aliis
2201 1703 2457 1790 positae
2489 1705 2674 1784 sunt,
2732 1725 2850 1770 eas
2890 1723 3013 1791 per
3059 1705 3156 1784 se,
3221 1710 3408 1773 nulio

1895 1816 2046 1862 cum
2100 1801 2374 1886 ‚reliqua
2440 1800 3084 1887 egigraplrenexu,
3160 1802 3410 1867 sensum

1890 1892 2144 1963 facere.
2201 1898 2307 1961 Ad
2346 1917 2498 1960 eum
2533 1897 2939 1961 eliciendum
2972 1897 3243 1963 advoco
3291 1921 3418 1964 nu-

1895 2011 2079 2054 mum
2147 2012 2344 2057 anno·
2387 1994 2718 2077 proxime·
2764 1989 3109 2078 superiore
3175 1996 3414 2062 descri-

1900 2098 2090 2170 ptum
2121 2134 2139 2162 ,
2193 2091 2258 2151 in
2306 2091 2490 2168 cujus
2536 2087 2774 2150 aversa
2804 2088 3087 2174 legitur:
3143 2091 3415 2156 PRIMI.

1886 2180 2290 2246 DECENN.
2307 2185 2316 2194 ”
2332 2185 2407 2248 Ρ.
2450 2183 2539 2245 Μ.
2571 2183 2721 2245 TR.
2753 2184 2829 2246 P.
2861 2196 2989 2245 etc.
3020 2195 3225 2265 atque
3248 2185 3420 2249 haec

1903 2295 2174 2359 quoque
2215 2277 2583 2361 epigraphe
2622 2277 2816 2340 intra'
2833 2277 3139 2340 lauream
3175 2275 3263 2341 est
3306 2301 3418 2344 ex-

1903 2383 2100 2432 arata
2130 2371 2313 2456 nulio
2349 2373 2487 2433 alio
2530 2384 2738 2455 typo,
2791 2373 2948 2435 utin
2969 2373 3189 2435 numis
3223 2393 3416 2455 prae·

1899 2465 2208 2529 sentibus.
2263 2466 2427 2528 Sunt
2460 2486 2618 2549 ergo
2657 2467 2894 2529 literae
2954 2468 3025 2528 Ρ.
3073 2468 3159 2528 D.
3205 2468 3416 2552 pleni·

1896 2562 2036 2623 oris
2104 2561 2298 2641 huju-s
2349 2563 2858 2647 epigrammatis
2920 2555 3308 2647 o’tpxouwou,
3349 2577 3418 2628 et

1883 2658 2658 2720 revocant-memoriam
2703 2670 3019 2721 votorum
3050 2647 3416 2723 'Pr-imorum

1893 2752 2330 2820 Decennalium
2352 2801 2373 2832 ‚
2427 2773 2603 2836 quae
2636 2751 2769 2817 hoc
2797 2772 2977 2816 anno
3011 2750 3203 2814 fuisse
3243 2753 3411 2816 solu-

1896 2863 1966 2912 ta
2006 2854 2328 2914 continuo
2375 2848 3074 2913 dicemini.:Litatumv
3098 2869 3182 2911 ea
3215 2841 3412 2912 occa-

1899 2945 2072 3010 sione
2116 2966 2159 3007 a
2186 2947 2515 3008 Romanis
2553 2945 2895 3020 Laetitiae,
2952 2945 3266 3007 nimirum
3293 2944 3410 3009 ob-

1892 3042 2099 3123 sequii
2145 3062 2385 3125 genere
2421 3060 2539 3124 per
2574 3043 2824 3103 metum
2860 3038 3410 3126 expreff0,·prae-‘

1891 3135 2103 3199 sentes
2143 3138 2328 3199 numi
2364 3137 2785 3219 eloquuntur.

2455 3325 2484 3355 t
2634 3267 2665 3299 *
2815 3321 2847 3352 Β

2181 3365 2288 3431 ”Vt
2327 3366 2417 3429 tit.
2459 3368 2547 3432 D.
2587 3376 2644 3429 et
2683 3367 2769 3431 A.
3158 3421 3182 3440 ,

1888 3460 2287 3524 ΡῙΕΤΑἹἸ.
2322 3451 2740 3524 SENATVS.
2783 3457 2856 3521 C.
2890 3460 2972 3522 V.
3016 3456 3098 3522 Ρ.
3125 3460 3195 3526 Ρ.
3268 3462 3408 3525 Im-

1858 3595 1865 3602 ·
1879 3567 2148 3639 perator
2188 3557 2638 3642 togatusstbns
2671 3553 2731 3637 s.
2789 3547 3072 3614 volumen
3119 3573 3253 3615 cum
3285 3557 3402 3621 ad.

1866 3654 2073 3739 stante
2096 3645 2386 3736 senatore
2411 3659 2634 3732 togato
2656 3648 2713 3733 s.
2752 3646 2979 3733 hastam
3001 3650 3398 3734 tmmtedex·

1888 3757 2087 3808 teram
2107 3748 2354 3829 jungit.
2400 3746 2539 3807 AR.
2576 3744 2708 3805 ΑΕ.
2757 3744 2805 3807 1.
3399 3809 3426 3824 f

1979 3843 2179 3914 Vide,
2214 3858 2388 3922 quae
2415 3839 2542 3901 huc
2571 3839 2971 3921 pertinentia
3001 3842 3084 3902 ad
3122 3860 3399 3905 numum

1886 3937 2043 3998 anni
2081 3925 2409 4016 sequentis
2450 3936 2872 4019 inscriptum:
2917 3935 3243 4001 PATER.
3266 3938 3396 4001 SE-

1854 4031 2202 4096 “NATvs
2240 4030 2562 4095 dicentur.

2595 4177 2655 4215 ἢ

2445 4236 2477 4268 ἢ
2769 4234 2834 4272 ³*

1876 4275 2510 4441 Pnovrgtssg'
2529 4375 2604 4441 P.
2639 4376 2726 4440 M.
2755 4370 2915 4441 ΤΒ.
2949 4375 3022 4444 Ρ.
3061 4373 3394 4445 x1.·1M1²-.

1879 4475 2061 4539 vlu.
2101 4470 2292 4538 COS.
2329 4473 2412 4537 V.
2459 4473 2533 4539 Ρ.
2572 4473 2644 4538 Ρ.
2679 4473 2891 4540 Navis
2921 4477 3199 4562 expansis
3225 4480 3391 4552 velis,

1868 4569 2014 4636 ΑΕ.
2057 4570 2106 4635 1.
2161 4571 2429 4653 (Vam.)
3422 4583 3426 4587 >
