<?xml version="1.0" encoding="UTF-8"?>
<!DOCTYPE html PUBLIC "-//W3C//DTD XHTML 1.0 Transitional//EN"
    "http://www.w3.org/TR/xhtml1/DTD/xhtml1-transitional.dtd">
<html xmlns="http://www.w3.org/1999/xhtml" xml:lang="en" lang="en">
 <head>
  <title>
</title>
<meta http-equiv="Content-Type" content="text/html;charset=utf-8" />
  <meta name='ocr-system' content='tesseract 3.04.00' />
  <meta name='ocr-capabilities' content='ocr_page ocr_carea ocr_par ocr_line ocrx_word'/>
</head>
<body>
  <div class='ocr_page' id='page_1' title='image "./doctrinanumorum03unkngoog_0318.png"; bbox 0 0 4242 5459; ppageno 0'>
   <div class='ocr_carea' id='block_1_1' title="bbox 797 586 941 651">
    <p class='ocr_par' dir='ltr' id='par_1_1' title="bbox 797 586 941 651">
     <span class='ocr_line' id='line_1_1' title="bbox 797 586 941 651; baseline -0.014 -19"><span class='ocrx_word' id='word_1_1' title='bbox 797 586 941 651; x_wconf 67' lang='lat'><strong>290</strong></span> 
     </span>
    </p>
   </div>
   <div class='ocr_carea' id='block_1_2' title="bbox 699 747 2309 1607">
    <p class='ocr_par' dir='ltr' id='par_1_2' title="bbox 699 747 2309 1607">
     <span class='ocr_line' id='line_1_2' title="bbox 793 747 2307 824; baseline -0.007 -1"><span class='ocrx_word' id='word_1_2' title='bbox 793 754 1139 824; x_wconf 75' lang='lat' dir='ltr'><strong>autetiam</strong></span> <span class='ocrx_word' id='word_1_3' title='bbox 1179 750 1580 817; x_wconf 77' lang='lat' dir='ltr'><strong>caracallae</strong></span> <span class='ocrx_word' id='word_1_4' title='bbox 1610 749 1725 813; x_wconf 81' lang='lat' dir='ltr'><strong>fint</strong></span> <span class='ocrx_word' id='word_1_5' title='bbox 1755 747 2119 816; x_wconf 87' lang='lat' dir='ltr'><strong>tribuendi.</strong></span> <span class='ocrx_word' id='word_1_6' title='bbox 2172 747 2307 813; x_wconf 74' lang='lat' dir='ltr'><strong>Fa-</strong></span> 
     </span>
     <span class='ocr_line' id='line_1_3' title="bbox 788 846 2309 934; baseline -0.007 -17"><span class='ocrx_word' id='word_1_7' title='bbox 788 868 979 929; x_wconf 81' lang='lat' dir='ltr'><strong>teor,</strong></span> <span class='ocrx_word' id='word_1_8' title='bbox 1024 851 1298 934; x_wconf 79' lang='lat' dir='ltr'><strong>utrique</strong></span> <span class='ocrx_word' id='word_1_9' title='bbox 1332 851 1606 913; x_wconf 84' lang='lat' dir='ltr'><strong>omnino</strong></span> <span class='ocrx_word' id='word_1_10' title='bbox 1643 846 1913 910; x_wconf 82' lang='lat' dir='ltr'><strong>obstare</strong></span> <span class='ocrx_word' id='word_1_11' title='bbox 1951 865 2203 910; x_wconf 73' lang='lat' dir='ltr'><strong>annum</strong></span> <span class='ocrx_word' id='word_1_12' title='bbox 2241 865 2309 908; x_wconf 89' lang='lat' dir='ltr'><strong>e-</strong></span> 
     </span>
     <span class='ocr_line' id='line_1_4' title="bbox 787 942 2307 1034; baseline -0.007 -22"><span class='ocrx_word' id='word_1_13' title='bbox 787 947 1101 1034; x_wconf 86' lang='lat' dir='ltr'><strong>pochae,</strong></span> <span class='ocrx_word' id='word_1_14' title='bbox 1147 944 1259 1008; x_wconf 84' lang='lat' dir='ltr'><strong>sed</strong></span> <span class='ocrx_word' id='word_1_15' title='bbox 1295 963 1431 1008; x_wconf 89' lang='lat' dir='ltr'><strong>non</strong></span> <span class='ocrx_word' id='word_1_16' title='bbox 1485 943 1713 1007; x_wconf 81' lang='lat' dir='ltr'><strong>desunt</strong></span> <span class='ocrx_word' id='word_1_17' title='bbox 1763 942 2080 1027; x_wconf 77' lang='lat' dir='ltr'><strong>exempla</strong></span> <span class='ocrx_word' id='word_1_18' title='bbox 2129 960 2307 1003; x_wconf 86' lang='lat' dir='ltr'><strong>erro·</strong></span> 
     </span>
     <span class='ocr_line' id='line_1_5' title="bbox 790 1037 2309 1123; baseline -0.006 -15"><span class='ocrx_word' id='word_1_19' title='bbox 790 1064 936 1108; x_wconf 86' lang='lat' dir='ltr'><strong>rum</strong></span> <span class='ocrx_word' id='word_1_20' title='bbox 977 1062 1019 1105; x_wconf 83' lang='lat' dir='ltr'><strong>a</strong></span> <span class='ocrx_word' id='word_1_21' title='bbox 1054 1041 1444 1105; x_wconf 81' lang='lat' dir='ltr'><strong>monetariis</strong></span> <span class='ocrx_word' id='word_1_22' title='bbox 1475 1042 1543 1102; x_wconf 88' lang='lat' dir='ltr'><strong>in</strong></span> <span class='ocrx_word' id='word_1_23' title='bbox 1565 1038 1865 1101; x_wconf 77' lang='lat' dir='ltr'><strong>notanda</strong></span> <span class='ocrx_word' id='word_1_24' title='bbox 1891 1037 2159 1123; x_wconf 82' lang='lat' dir='ltr'><strong>epocha</strong></span> <span class='ocrx_word' id='word_1_25' title='bbox 2188 1037 2309 1101; x_wconf 81' lang='lat' dir='ltr'><strong>ad·</strong></span> 
     </span>
     <span class='ocr_line' id='line_1_6' title="bbox 787 1133 2306 1218; baseline -0.005 -16"><span class='ocrx_word' id='word_1_26' title='bbox 787 1135 1154 1203; x_wconf 67' lang='lat' dir='ltr'><strong>mistorum.</strong></span> <span class='ocrx_word' id='word_1_27' title='bbox 1208 1140 1427 1218; x_wconf 82' lang='lat' dir='ltr'>Atque</span> <span class='ocrx_word' id='word_1_28' title='bbox 1461 1138 1669 1198; x_wconf 84' lang='lat' dir='ltr'><strong>etiarn</strong></span> <span class='ocrx_word' id='word_1_29' title='bbox 1700 1134 1811 1195; x_wconf 79' lang='lat' dir='ltr'><strong>hic</strong></span> <span class='ocrx_word' id='word_1_30' title='bbox 1851 1133 2159 1217; x_wconf 78' lang='lat' dir='ltr'>epochae</span> <span class='ocrx_word' id='word_1_31' title='bbox 2188 1152 2306 1195; x_wconf 77' lang='lat' dir='ltr'><strong>au·</strong></span> 
     </span>
     <span class='ocr_line' id='line_1_7' title="bbox 788 1228 2306 1313; baseline -0.005 -16"><span class='ocrx_word' id='word_1_32' title='bbox 788 1254 914 1297; x_wconf 81' lang='lat' dir='ltr'><strong>nus</strong></span> <span class='ocrx_word' id='word_1_33' title='bbox 946 1233 1155 1294; x_wconf 84' lang='lat' dir='ltr'><strong>unica</strong></span> <span class='ocrx_word' id='word_1_34' title='bbox 1191 1230 1445 1294; x_wconf 85' lang='lat' dir='ltr'><strong>fiducia</strong></span> <span class='ocrx_word' id='word_1_35' title='bbox 1479 1228 1605 1307; x_wconf 81' lang='lat' dir='ltr'><strong>est,</strong></span> <span class='ocrx_word' id='word_1_36' title='bbox 1657 1249 1793 1313; x_wconf 84' lang='lat' dir='ltr'><strong>qua</strong></span> <span class='ocrx_word' id='word_1_37' title='bbox 1841 1229 2158 1292; x_wconf 70' lang='lat' dir='ltr'><strong>Antonini</strong></span> <span class='ocrx_word' id='word_1_38' title='bbox 2198 1240 2306 1310; x_wconf 82' lang='lat' dir='ltr'><strong>ty-</strong></span> 
     </span>
     <span class='ocr_line' id='line_1_8' title="bbox 783 1326 2309 1408; baseline -0.004 -17"><span class='ocrx_word' id='word_1_39' title='bbox 783 1327 983 1393; x_wconf 79' lang='lat' dir='ltr'><strong>ranni</strong></span> <span class='ocrx_word' id='word_1_40' title='bbox 1031 1326 1232 1390; x_wconf 82' lang='lat' dir='ltr'><strong>causa</strong></span> <span class='ocrx_word' id='word_1_41' title='bbox 1273 1327 1527 1390; x_wconf 87' lang='lat' dir='ltr'><strong>nititur.</strong></span> <span class='ocrx_word' id='word_1_42' title='bbox 1595 1326 1772 1389; x_wconf 82' lang='lat' dir='ltr'><strong>Nam</strong></span> <span class='ocrx_word' id='word_1_43' title='bbox 1814 1326 1999 1408; x_wconf 86' lang='lat' dir='ltr'><strong>quod</strong></span> <span class='ocrx_word' id='word_1_44' title='bbox 2056 1326 2147 1387; x_wconf 85' lang='lat' dir='ltr'><strong>ad</strong></span> <span class='ocrx_word' id='word_1_45' title='bbox 2191 1343 2309 1386; x_wconf 90' lang='lat' dir='ltr'><strong>no·</strong></span> 
     </span>
     <span class='ocr_line' id='line_1_9' title="bbox 787 1419 2307 1507; baseline -0.005 -19"><span class='ocrx_word' id='word_1_46' title='bbox 787 1443 942 1488; x_wconf 83' lang='lat' dir='ltr'><strong>men</strong></span> <span class='ocrx_word' id='word_1_47' title='bbox 977 1421 1260 1507; x_wconf 87' lang='lat' dir='ltr'><strong>Sulpicii</strong></span> <span class='ocrx_word' id='word_1_48' title='bbox 1297 1422 1582 1499; x_wconf 75' lang='lat' dir='ltr'><strong>attinet,</strong></span> <span class='ocrx_word' id='word_1_49' title='bbox 1667 1433 1943 1506; x_wconf 83' lang='lat' dir='ltr'><strong>poterat</strong></span> <span class='ocrx_word' id='word_1_50' title='bbox 1996 1420 2132 1482; x_wconf 91' lang='lat' dir='ltr'><strong>hoc</strong></span> <span class='ocrx_word' id='word_1_51' title='bbox 2182 1419 2307 1482; x_wconf 83' lang='lat' dir='ltr'><strong>ess&#39;e</strong></span> 
     </span>
     <span class='ocr_line' id='line_1_10' title="bbox 699 1515 2308 1607; baseline -0.006 -19"><span class='ocrx_word' id='word_1_52' title='bbox 699 1543 716 1550; x_wconf 64' lang='grc'><em>“</em></span> <span class='ocrx_word' id='word_1_53' title='bbox 785 1519 1137 1607; x_wconf 74' lang='lat' dir='ltr'><strong>praeditus</strong></span> <span class='ocrx_word' id='word_1_54' title='bbox 1178 1529 1296 1584; x_wconf 76' lang='lat' dir='ltr'><strong>aut</strong></span> <span class='ocrx_word' id='word_1_55' title='bbox 1333 1515 1698 1583; x_wconf 79' lang='lat' dir='ltr'><strong>Caracalla</strong></span> <span class='ocrx_word' id='word_1_56' title='bbox 1723 1563 1746 1597; x_wconf 84' lang='lat'>‚</span> <span class='ocrx_word' id='word_1_57' title='bbox 1797 1528 1914 1580; x_wconf 83' lang='lat' dir='ltr'><strong>aut</strong></span> <span class='ocrx_word' id='word_1_58' title='bbox 1971 1516 2308 1601; x_wconf 71' lang='lat' dir='ltr'><strong>Elagaba-</strong></span> 
     </span>
    </p>
   </div>
   <div class='ocr_carea' id='block_1_3' title="bbox 1478 543 2320 632">
    <p class='ocr_par' dir='ltr' id='par_1_3' title="bbox 1478 543 2320 632">
     <span class='ocr_line' id='line_1_11' title="bbox 1478 543 2320 632; baseline -0.005 -8"><span class='ocrx_word' id='word_1_59' title='bbox 1478 546 1823 632; x_wconf 83' lang='lat' dir='ltr'><strong>SVLP.</strong></span> <span class='ocrx_word' id='word_1_60' title='bbox 1927 543 2320 624; x_wconf 73' lang='lat' dir='ltr'><strong>VRAN.</strong></span> 
     </span>
    </p>
   </div>
   <div class='ocr_carea' id='block_1_4' title="bbox 2422 540 3251 626">
    <p class='ocr_par' dir='ltr' id='par_1_4' title="bbox 2422 540 3251 626">
     <span class='ocr_line' id='line_1_12' title="bbox 2422 540 3251 626; baseline 0.001 -3"><span class='ocrx_word' id='word_1_61' title='bbox 2422 540 3251 626; x_wconf 74' lang='lat' dir='ltr'><strong>ANTONINVS.</strong></span> 
     </span>
    </p>
   </div>
   <div class='ocr_carea' id='block_1_5' title="bbox 2386 745 3923 1600">
    <p class='ocr_par' dir='ltr' id='par_1_5' title="bbox 2386 745 3923 1600">
     <span class='ocr_line' id='line_1_13' title="bbox 2386 745 3921 834; baseline 0.008 -22"><span class='ocrx_word' id='word_1_62' title='bbox 2386 748 2529 827; x_wconf 66' lang='lat' dir='ltr'><strong>lue,</strong></span> <span class='ocrx_word' id='word_1_63' title='bbox 2583 747 2696 814; x_wconf 80' lang='lat' dir='ltr'><strong>etfi</strong></span> <span class='ocrx_word' id='word_1_64' title='bbox 2718 745 2889 814; x_wconf 80' lang='lat' dir='ltr'><strong>istud</strong></span> <span class='ocrx_word' id='word_1_65' title='bbox 2934 749 3342 834; x_wconf 76' lang='lat' dir='ltr'><strong>ignoremus.</strong></span> <span class='ocrx_word' id='word_1_66' title='bbox 3390 749 3598 817; x_wconf 73' lang='lat' dir='ltr'><strong>Numi</strong></span> <span class='ocrx_word' id='word_1_67' title='bbox 3647 767 3921 825; x_wconf 75' lang='lat' dir='ltr'><strong>tantum</strong></span> 
     </span>
     <span class='ocr_line' id='line_1_14' title="bbox 2389 842 3919 920; baseline 0.001 -11"><span class='ocrx_word' id='word_1_68' title='bbox 2389 843 2637 910; x_wconf 76' lang='lat' dir='ltr'><strong>Graeci</strong></span> <span class='ocrx_word' id='word_1_69' title='bbox 2689 842 3093 910; x_wconf 74' lang='lat' dir='ltr'><strong>caracallae</strong></span> <span class='ocrx_word' id='word_1_70' title='bbox 3128 846 3458 911; x_wconf 79' lang='lat' dir='ltr'><strong>dederunt</strong></span> <span class='ocrx_word' id='word_1_71' title='bbox 3506 868 3753 916; x_wconf 84' lang='lat' dir='ltr'><strong>nomen</strong></span> <span class='ocrx_word' id='word_1_72' title='bbox 3798 855 3919 920; x_wconf 78' lang='lat' dir='ltr'><strong>Se.</strong></span> 
     </span>
     <span class='ocr_line' id='line_1_15' title="bbox 2388 941 3917 1030; baseline 0.007 -25"><span class='ocrx_word' id='word_1_73' title='bbox 2388 943 2576 1019; x_wconf 82' lang='lat' dir='ltr'><strong>veri,</strong></span> <span class='ocrx_word' id='word_1_74' title='bbox 2628 941 3018 1005; x_wconf 82' lang='lat' dir='ltr'><strong>Etruscillae</strong></span> <span class='ocrx_word' id='word_1_75' title='bbox 3070 962 3318 1005; x_wconf 88' lang='lat' dir='ltr'><strong>nomen</strong></span> <span class='ocrx_word' id='word_1_76' title='bbox 3377 942 3917 1030; x_wconf 80' lang='lat' dir='ltr'><strong>Cupresseniae,</strong></span> 
     </span>
     <span class='ocr_line' id='line_1_16' title="bbox 2392 1035 3912 1133; baseline -0.002 -32"><span class='ocrx_word' id='word_1_77' title='bbox 2392 1035 2705 1101; x_wconf 81' lang='lat' dir='ltr'><strong>Gallieno</strong></span> <span class='ocrx_word' id='word_1_78' title='bbox 2743 1035 3053 1121; x_wconf 79' lang='lat' dir='ltr'><strong>Egnatii‚</strong></span> <span class='ocrx_word' id='word_1_79' title='bbox 3105 1037 3470 1102; x_wconf 77' lang='lat' dir='ltr'><strong>Saloninae</strong></span> <span class='ocrx_word' id='word_1_80' title='bbox 3526 1037 3912 1133; x_wconf 71' lang='lat' dir='ltr'><strong>Chrysogo-</strong></span> 
     </span>
     <span class='ocr_line' id='line_1_17' title="bbox 2392 1131 3918 1216; baseline 0.009 -21"><span class='ocrx_word' id='word_1_81' title='bbox 2392 1153 2555 1208; x_wconf 81' lang='lat' dir='ltr'><strong>nes‚</strong></span> <span class='ocrx_word' id='word_1_82' title='bbox 2626 1132 2869 1216; x_wconf 73' lang='lat' dir='ltr'><strong>quibus</strong></span> <span class='ocrx_word' id='word_1_83' title='bbox 2931 1131 3508 1216; x_wconf 70' lang='lat' dir='ltr'><strong>appellationibus</strong></span> <span class='ocrx_word' id='word_1_84' title='bbox 3580 1137 3918 1207; x_wconf 78' lang='lat' dir='ltr'><strong>abstinent</strong></span> 
     </span>
     <span class='ocr_line' id='line_1_18' title="bbox 2387 1226 3923 1313; baseline 0.006 -20"><span class='ocrx_word' id='word_1_85' title='bbox 2387 1232 2574 1293; x_wconf 85' lang='lat' dir='ltr'><strong>numi</strong></span> <span class='ocrx_word' id='word_1_86' title='bbox 2595 1227 2912 1291; x_wconf 84' lang='lat' dir='ltr'><strong>Romani.</strong></span> <span class='ocrx_word' id='word_1_87' title='bbox 2987 1226 3301 1308; x_wconf 79' lang='lat' dir='ltr'><strong>Ceterum</strong></span> <span class='ocrx_word' id='word_1_88' title='bbox 3337 1232 3494 1293; x_wconf 83' lang='lat' dir='ltr'><strong>vide</strong></span> <span class='ocrx_word' id='word_1_89' title='bbox 3527 1234 3923 1313; x_wconf 71' lang='lat' dir='ltr'><strong>prolixiora</strong></span> 
     </span>
     <span class='ocr_line' id='line_1_19' title="bbox 2386 1317 3919 1408; baseline 0.006 -20"><span class='ocrx_word' id='word_1_90' title='bbox 2386 1325 2474 1389; x_wconf 88' lang='lat' dir='ltr'><strong>de</strong></span> <span class='ocrx_word' id='word_1_91' title='bbox 2508 1325 2612 1388; x_wconf 82' lang='lat' dir='ltr'><strong>his</strong></span> <span class='ocrx_word' id='word_1_92' title='bbox 2651 1325 2872 1387; x_wconf 86' lang='lat' dir='ltr'><strong>numis</strong></span> <span class='ocrx_word' id='word_1_93' title='bbox 2900 1325 3153 1403; x_wconf 81' lang='lat' dir='ltr'><strong>judicia</strong></span> <span class='ocrx_word' id='word_1_94' title='bbox 3181 1327 3365 1408; x_wconf 85' lang='lat' dir='ltr'><strong>apud</strong></span> <span class='ocrx_word' id='word_1_95' title='bbox 3398 1317 3798 1408; x_wconf 75' lang='lat' dir='ltr'><strong>Haymium‚</strong></span> <span class='ocrx_word' id='word_1_96' title='bbox 3844 1347 3919 1397; x_wconf 75' lang='lat' dir='ltr'><strong>et</strong></span> 
     </span>
     <span class='ocr_line' id='line_1_20' title="bbox 2386 1409 3918 1506; baseline 0.008 -24"><span class='ocrx_word' id='word_1_97' title='bbox 2386 1420 2786 1484; x_wconf 81' lang='lat' dir='ltr'><strong>Bimardum</strong></span> <span class='ocrx_word' id='word_1_98' title='bbox 2811 1416 2922 1501; x_wconf 56' lang='grc' dir='ltr'><strong>,ἢ</strong></span> <span class='ocrx_word' id='word_1_99' title='bbox 2974 1419 3492 1502; x_wconf 81' lang='lat' dir='ltr'><strong>Mazzolenum,</strong></span> <span class='ocrx_word' id='word_1_100' title='bbox 3517 1409 3581 1506; x_wconf 79' lang='grc'><strong>1’)</strong></span> <span class='ocrx_word' id='word_1_101' title='bbox 3632 1426 3918 1493; x_wconf 71' lang='lat' dir='ltr'><strong>etMafl-</strong></span> 
     </span>
     <span class='ocr_line' id='line_1_21' title="bbox 2386 1515 2726 1600; baseline 0.015 -21"><span class='ocrx_word' id='word_1_102' title='bbox 2386 1515 2623 1584; x_wconf 79' lang='lat' dir='ltr'><strong>seium.</strong></span> <span class='ocrx_word' id='word_1_103' title='bbox 2665 1515 2726 1600; x_wconf 77' lang='lat'><strong>⁶)</strong></span> 
     </span>
    </p>
   </div>
   <div class='ocr_carea' id='block_1_6' title="bbox 1383 1804 3304 1877">
    <p class='ocr_par' dir='ltr' id='par_1_6' title="bbox 1383 1804 3304 1877">
     <span class='ocr_line' id='line_1_22' title="bbox 1383 1804 3304 1877; baseline -0.003 0"><span class='ocrx_word' id='word_1_104' title='bbox 1383 1808 1458 1877; x_wconf 71' lang='lat' dir='ltr'><strong>C.</strong></span> <span class='ocrx_word' id='word_1_105' title='bbox 1558 1804 1979 1875; x_wconf 83' lang='lat' dir='ltr'><em>IVLIVS</em></span> <span class='ocrx_word' id='word_1_106' title='bbox 2079 1804 2468 1875; x_wconf 75' lang='lat' dir='ltr'><em>VEB-VS</em></span> <span class='ocrx_word' id='word_1_107' title='bbox 2569 1804 3304 1876; x_wconf 77' lang='lat' dir='ltr'><em>MAXIMINVS.</em></span> 
     </span>
    </p>
   </div>
   <div class='ocr_carea' id='block_1_7' title="bbox 671 1999 2302 3809">
    <p class='ocr_par' dir='ltr' id='par_1_7' title="bbox 671 1999 2302 3809">
     <span class='ocr_line' id='line_1_23' title="bbox 879 1999 2300 2084; baseline -0.003 -17"><span class='ocrx_word' id='word_1_108' title='bbox 879 2000 1171 2070; x_wconf 86' lang='lat' dir='ltr'><strong>C.1ulius</strong></span> <span class='ocrx_word' id='word_1_109' title='bbox 1202 2004 1420 2069; x_wconf 82' lang='lat' dir='ltr'><strong>Verus</strong></span> <span class='ocrx_word' id='word_1_110' title='bbox 1455 2001 1915 2080; x_wconf 68' lang='lat' dir='ltr'><strong>Maximintoe,</strong></span> <span class='ocrx_word' id='word_1_111' title='bbox 1967 2021 2144 2084; x_wconf 79' lang='lat' dir='ltr'><strong>quae</strong></span> <span class='ocrx_word' id='word_1_112' title='bbox 2183 1999 2300 2065; x_wconf 83' lang='lat' dir='ltr'><strong>hu-</strong></span> 
     </span>
     <span class='ocr_line' id='line_1_24' title="bbox 775 2094 2302 2186; baseline -0.003 -22"><span class='ocrx_word' id='word_1_113' title='bbox 775 2103 883 2182; x_wconf 79' lang='lat' dir='ltr'><strong>jus</strong></span> <span class='ocrx_word' id='word_1_114' title='bbox 905 2102 1341 2186; x_wconf 82' lang='lat' dir='ltr'><strong>imperatoris</strong></span> <span class='ocrx_word' id='word_1_115' title='bbox 1365 2097 1516 2162; x_wconf 81' lang='lat' dir='ltr'><strong>sunt·</strong></span> <span class='ocrx_word' id='word_1_116' title='bbox 1531 2098 1811 2162; x_wconf 87' lang='lat' dir='ltr'><strong>nomina</strong></span> <span class='ocrx_word' id='word_1_117' title='bbox 1831 2094 2102 2161; x_wconf 71' lang='lat' dir='ltr'><strong>testibus</strong></span> <span class='ocrx_word' id='word_1_118' title='bbox 2127 2118 2302 2160; x_wconf 81' lang='lat' dir='ltr'><strong>mar·</strong></span> 
     </span>
     <span class='ocr_line' id='line_1_25' title="bbox 779 2192 2301 2277; baseline -0.001 -17"><span class='ocrx_word' id='word_1_119' title='bbox 779 2195 1126 2273; x_wconf 68' lang='lat' dir='ltr'><strong>moribuS,</strong></span> <span class='ocrx_word' id='word_1_120' title='bbox 1177 2209 1376 2273; x_wconf 78' lang='lat' dir='ltr'><strong>natus</strong></span> <span class='ocrx_word' id='word_1_121' title='bbox 1428 2192 1516 2258; x_wconf 81' lang='lat' dir='ltr'><strong>est</strong></span> <span class='ocrx_word' id='word_1_122' title='bbox 1567 2196 1634 2258; x_wconf 90' lang='lat' dir='ltr'><strong>in</strong></span> <span class='ocrx_word' id='word_1_123' title='bbox 1708 2194 2012 2257; x_wconf 79' lang='lat' dir='ltr'><strong>Thracia</strong></span> <span class='ocrx_word' id='word_1_124' title='bbox 2064 2214 2301 2277; x_wconf 76' lang='lat' dir='ltr'><strong>paren·</strong></span> 
     </span>
     <span class='ocr_line' id='line_1_26' title="bbox 776 2285 2301 2375; baseline -0.002 -20"><span class='ocrx_word' id='word_1_125' title='bbox 776 2293 958 2355; x_wconf 81' lang='lat' dir='ltr'><strong>tibus</strong></span> <span class='ocrx_word' id='word_1_126' title='bbox 995 2290 1307 2356; x_wconf 84' lang='lat' dir='ltr'><strong>barbaris</strong></span> <span class='ocrx_word' id='word_1_127' title='bbox 1334 2338 1353 2368; x_wconf 87' lang='lat'>,</span> <span class='ocrx_word' id='word_1_128' title='bbox 1406 2310 1693 2375; x_wconf 87' lang='lat' dir='ltr'><strong>quorum</strong></span> <span class='ocrx_word' id='word_1_129' title='bbox 1743 2285 1915 2355; x_wconf 79' lang='lat' dir='ltr'><strong>alter</strong></span> <span class='ocrx_word' id='word_1_130' title='bbox 1956 2311 1990 2351; x_wconf 89' lang='lat' dir='ltr'><strong>e</strong></span> <span class='ocrx_word' id='word_1_131' title='bbox 2025 2288 2301 2368; x_wconf 74' lang='lat' dir='ltr'><strong>Gothis,</strong></span> 
     </span>
     <span class='ocr_line' id='line_1_27' title="bbox 778 2385 2299 2469; baseline -0.001 -19"><span class='ocrx_word' id='word_1_132' title='bbox 778 2400 1002 2451; x_wconf 83' lang='lat' dir='ltr'><strong>mater</strong></span> <span class='ocrx_word' id='word_1_133' title='bbox 1040 2408 1126 2449; x_wconf 78' lang='lat' dir='ltr'><strong>ex</strong></span> <span class='ocrx_word' id='word_1_134' title='bbox 1163 2387 1404 2451; x_wconf 83' lang='lat' dir='ltr'><strong>Alanis</strong></span> <span class='ocrx_word' id='word_1_135' title='bbox 1440 2385 1592 2450; x_wconf 78' lang='lat' dir='ltr'><strong>fuit.</strong></span> <span class='ocrx_word' id='word_1_136' title='bbox 1666 2387 1825 2465; x_wconf 83' lang='lat' dir='ltr'><strong>Ejus</strong></span> <span class='ocrx_word' id='word_1_137' title='bbox 1886 2386 2110 2469; x_wconf 84' lang='lat' dir='ltr'><strong>prima</strong></span> <span class='ocrx_word' id='word_1_138' title='bbox 2150 2386 2299 2449; x_wconf 77' lang='lat' dir='ltr'><strong>vita</strong></span> 
     </span>
     <span class='ocr_line' id='line_1_28' title="bbox 777 2480 2292 2568; baseline -0.002 -23"><span class='ocrx_word' id='word_1_139' title='bbox 777 2480 1169 2568; x_wconf 79' lang='lat' dir='ltr'><strong>pastoritia,</strong></span> <span class='ocrx_word' id='word_1_140' title='bbox 1222 2496 1295 2547; x_wconf 89' lang='lat' dir='ltr'><strong>at</strong></span> <span class='ocrx_word' id='word_1_141' title='bbox 1329 2503 1477 2546; x_wconf 88' lang='lat' dir='ltr'><strong>cum</strong></span> <span class='ocrx_word' id='word_1_142' title='bbox 1514 2481 1974 2545; x_wconf 84' lang='lat' dir='ltr'>liberaliorem</span> <span class='ocrx_word' id='word_1_143' title='bbox 2006 2480 2119 2544; x_wconf 82' lang='lat' dir='ltr'><strong>fibi</strong></span> <span class='ocrx_word' id='word_1_144' title='bbox 2152 2480 2292 2543; x_wconf 86' lang='lat' dir='ltr'><strong>for-</strong></span> 
     </span>
     <span class='ocr_line' id='line_1_29' title="bbox 773 2575 2295 2664; baseline -0.002 -24"><span class='ocrx_word' id='word_1_145' title='bbox 773 2592 1013 2642; x_wconf 82' lang='lat' dir='ltr'><strong>tunam</strong></span> <span class='ocrx_word' id='word_1_146' title='bbox 1049 2597 1092 2642; x_wconf 85' lang='lat' dir='ltr'><strong>a</strong></span> <span class='ocrx_word' id='word_1_147' title='bbox 1121 2580 1428 2664; x_wconf 84' lang='lat' dir='ltr'><strong>corporis</strong></span> <span class='ocrx_word' id='word_1_148' title='bbox 1453 2575 1725 2653; x_wconf 84' lang='lat' dir='ltr'>robore,</span> <span class='ocrx_word' id='word_1_149' title='bbox 1777 2595 1911 2660; x_wconf 91' lang='lat' dir='ltr'><strong>quo</strong></span> <span class='ocrx_word' id='word_1_150' title='bbox 1945 2578 2146 2661; x_wconf 82' lang='lat' dir='ltr'><strong>supra</strong></span> <span class='ocrx_word' id='word_1_151' title='bbox 2176 2575 2295 2638; x_wconf 78' lang='lat' dir='ltr'><strong>lio-</strong></span> 
     </span>
     <span class='ocr_line' id='line_1_30' title="bbox 773 2672 2299 2754; baseline -0.003 -18"><span class='ocrx_word' id='word_1_152' title='bbox 773 2676 976 2738; x_wconf 86' lang='lat' dir='ltr'><strong>minis</strong></span> <span class='ocrx_word' id='word_1_153' title='bbox 1012 2676 1292 2737; x_wconf 90' lang='lat' dir='ltr'><strong>modum</strong></span> <span class='ocrx_word' id='word_1_154' title='bbox 1338 2672 1641 2748; x_wconf 69' lang='lat' dir='ltr'><strong>valebat,</strong></span> <span class='ocrx_word' id='word_1_155' title='bbox 1695 2673 1977 2733; x_wconf 83' lang='lat' dir='ltr'><strong>auderet</strong></span> <span class='ocrx_word' id='word_1_156' title='bbox 2018 2672 2299 2754; x_wconf 87' lang='lat' dir='ltr'><strong>promit·-</strong></span> 
     </span>
     <span class='ocr_line' id='line_1_31' title="bbox 770 2761 2296 2850; baseline -0.003 -18"><span class='ocrx_word' id='word_1_157' title='bbox 770 2781 955 2846; x_wconf 85' lang='lat' dir='ltr'><strong>tere,</strong></span> <span class='ocrx_word' id='word_1_158' title='bbox 1008 2761 1303 2831; x_wconf 82' lang='lat' dir='ltr'><strong>Romam</strong></span> <span class='ocrx_word' id='word_1_159' title='bbox 1345 2768 1569 2842; x_wconf 88' lang='lat' dir='ltr'><strong>venit,</strong></span> <span class='ocrx_word' id='word_1_160' title='bbox 1631 2769 1906 2846; x_wconf 79' lang='lat' dir='ltr'><strong>ejusque</strong></span> <span class='ocrx_word' id='word_1_161' title='bbox 1944 2784 2097 2827; x_wconf 87' lang='lat' dir='ltr'><strong>cum</strong></span> <span class='ocrx_word' id='word_1_162' title='bbox 2141 2784 2296 2850; x_wconf 87' lang='lat' dir='ltr'><strong>pro·</strong></span> 
     </span>
     <span class='ocr_line' id='line_1_32' title="bbox 772 2859 2294 2940; baseline 0 -15"><span class='ocrx_word' id='word_1_163' title='bbox 772 2864 1165 2940; x_wconf 77' lang='lat' dir='ltr'>ceritatem,</span> <span class='ocrx_word' id='word_1_164' title='bbox 1218 2874 1361 2925; x_wconf 83' lang='lat' dir='ltr'><strong>tum</strong></span> <span class='ocrx_word' id='word_1_165' title='bbox 1417 2863 1598 2924; x_wconf 83' lang='lat' dir='ltr'><strong>vires</strong></span> <span class='ocrx_word' id='word_1_166' title='bbox 1650 2862 1932 2924; x_wconf 83' lang='lat' dir='ltr'><strong>miratus</strong></span> <span class='ocrx_word' id='word_1_167' title='bbox 2001 2859 2294 2925; x_wconf 79' lang='lat' dir='ltr'><strong>Severus</strong></span> 
     </span>
     <span class='ocr_line' id='line_1_33' title="bbox 773 2952 2290 3038; baseline 0.001 -21"><span class='ocrx_word' id='word_1_168' title='bbox 773 2956 1093 3019; x_wconf 86' lang='lat' dir='ltr'><strong>militiam</strong></span> <span class='ocrx_word' id='word_1_169' title='bbox 1127 2952 1308 3037; x_wconf 83' lang='lat' dir='ltr'><strong>sequi</strong></span> <span class='ocrx_word' id='word_1_170' title='bbox 1337 2954 1546 3038; x_wconf 75' lang='lat' dir='ltr'><strong>jussit.</strong></span> <span class='ocrx_word' id='word_1_171' title='bbox 1610 2953 1748 3020; x_wconf 85' lang='lat' dir='ltr'><strong>Sub</strong></span> <span class='ocrx_word' id='word_1_172' title='bbox 1802 2953 1971 3031; x_wconf 86' lang='lat' dir='ltr'><strong>hoc,</strong></span> <span class='ocrx_word' id='word_1_173' title='bbox 2027 2968 2094 3017; x_wconf 87' lang='lat' dir='ltr'><strong>et</strong></span> <span class='ocrx_word' id='word_1_174' title='bbox 2146 2954 2290 3019; x_wconf 83' lang='lat' dir='ltr'><strong>filio</strong></span> 
     </span>
     <span class='ocr_line' id='line_1_34' title="bbox 773 3047 2290 3137; baseline 0.001 -24"><span class='ocrx_word' id='word_1_175' title='bbox 773 3047 1143 3114; x_wconf 75' lang='lat' dir='ltr'><strong>Caracalla</strong></span> <span class='ocrx_word' id='word_1_176' title='bbox 1176 3069 1330 3113; x_wconf 84' lang='lat' dir='ltr'><strong>cnm</strong></span> <span class='ocrx_word' id='word_1_177' title='bbox 1388 3051 1621 3114; x_wconf 84' lang='lat' dir='ltr'><strong>varios</strong></span> <span class='ocrx_word' id='word_1_178' title='bbox 1668 3049 1925 3114; x_wconf 80' lang='lat' dir='ltr'>ordinis</span> <span class='ocrx_word' id='word_1_179' title='bbox 1986 3051 2077 3115; x_wconf 87' lang='lat' dir='ltr'><strong>sui</strong></span> <span class='ocrx_word' id='word_1_180' title='bbox 2132 3071 2290 3137; x_wconf 81' lang='lat' dir='ltr'><strong>gra-</strong></span> 
     </span>
     <span class='ocr_line' id='line_1_35' title="bbox 771 3137 2292 3233; baseline 0 -22"><span class='ocrx_word' id='word_1_181' title='bbox 771 3148 898 3211; x_wconf 73' lang='lat' dir='ltr'><strong>dns</strong></span> <span class='ocrx_word' id='word_1_182' title='bbox 936 3143 1356 3233; x_wconf 78' lang='lat' dir='ltr'><strong>pervaliffet,</strong></span> <span class='ocrx_word' id='word_1_183' title='bbox 1408 3145 1685 3210; x_wconf 83' lang='lat' dir='ltr'>subinde</span> <span class='ocrx_word' id='word_1_184' title='bbox 1726 3137 1959 3211; x_wconf 75' lang='lat' dir='ltr'><strong>taedio</strong></span> <span class='ocrx_word' id='word_1_185' title='bbox 1997 3148 2292 3212; x_wconf 85' lang='lat' dir='ltr'><strong>Macrini</strong></span> 
     </span>
     <span class='ocr_line' id='line_1_36' title="bbox 766 3242 2290 3329; baseline 0.001 -22"><span class='ocrx_word' id='word_1_186' title='bbox 766 3245 838 3307; x_wconf 87' lang='lat' dir='ltr'><strong>in</strong></span> <span class='ocrx_word' id='word_1_187' title='bbox 872 3243 1169 3329; x_wconf 86' lang='lat' dir='ltr'><strong>patriam</strong></span> <span class='ocrx_word' id='word_1_188' title='bbox 1204 3243 1438 3319; x_wconf 89' lang='lat' dir='ltr'><strong>rediit,</strong></span> <span class='ocrx_word' id='word_1_189' title='bbox 1493 3263 1628 3326; x_wconf 90' lang='lat' dir='ltr'><strong>quo</strong></span> <span class='ocrx_word' id='word_1_190' title='bbox 1667 3242 1858 3306; x_wconf 79' lang='lat' dir='ltr'><strong>caeso</strong></span> <span class='ocrx_word' id='word_1_191' title='bbox 1895 3243 2200 3308; x_wconf 83' lang='lat' dir='ltr'><strong>reversus</strong></span> <span class='ocrx_word' id='word_1_192' title='bbox 2222 3246 2290 3308; x_wconf 89' lang='lat' dir='ltr'><strong>in</strong></span> 
     </span>
     <span class='ocr_line' id='line_1_37' title="bbox 765 3335 2289 3427; baseline -0.001 -23"><span class='ocrx_word' id='word_1_193' title='bbox 765 3336 983 3404; x_wconf 77' lang='lat' dir='ltr'><strong>castra</strong></span> <span class='ocrx_word' id='word_1_194' title='bbox 1023 3338 1256 3427; x_wconf 83' lang='lat' dir='ltr'><strong>paullo</strong></span> <span class='ocrx_word' id='word_1_195' title='bbox 1299 3335 1445 3424; x_wconf 86' lang='lat' dir='ltr'><strong>post</strong></span> <span class='ocrx_word' id='word_1_196' title='bbox 1483 3339 1571 3403; x_wconf 82' lang='lat' dir='ltr'><strong>ab</strong></span> <span class='ocrx_word' id='word_1_197' title='bbox 1614 3339 2003 3403; x_wconf 81' lang='lat' dir='ltr'><strong>Alexandro</strong></span> <span class='ocrx_word' id='word_1_198' title='bbox 2030 3388 2051 3418; x_wconf 87' lang='lat'><strong>,</strong></span> <span class='ocrx_word' id='word_1_199' title='bbox 2103 3340 2289 3424; x_wconf 84' lang='lat' dir='ltr'><strong>igna-</strong></span> 
     </span>
     <span class='ocr_line' id='line_1_38' title="bbox 671 3431 2286 3520; baseline 0 -20"><span class='ocrx_word' id='word_1_200' title='bbox 671 3431 680 3439; x_wconf 82' lang='grc'><strong>’</strong></span> <span class='ocrx_word' id='word_1_201' title='bbox 764 3455 846 3500; x_wconf 85' lang='lat' dir='ltr'><strong>ro</strong></span> <span class='ocrx_word' id='word_1_202' title='bbox 898 3448 1077 3513; x_wconf 83' lang='lat' dir='ltr'><strong>tum,</strong></span> <span class='ocrx_word' id='word_1_203' title='bbox 1131 3455 1335 3520; x_wconf 89' lang='lat' dir='ltr'><strong>quem</strong></span> <span class='ocrx_word' id='word_1_204' title='bbox 1394 3433 1705 3511; x_wconf 77' lang='lat' dir='ltr'><strong>efferret,</strong></span> <span class='ocrx_word' id='word_1_205' title='bbox 1774 3437 1864 3498; x_wconf 81' lang='lat' dir='ltr'><strong>ad</strong></span> <span class='ocrx_word' id='word_1_206' title='bbox 1944 3438 2286 3500; x_wconf 77' lang='lat' dir='ltr'><strong>maximos</strong></span> 
     </span>
     <span class='ocr_line' id='line_1_39' title="bbox 761 3530 2286 3618; baseline 0 -22"><span class='ocrx_word' id='word_1_207' title='bbox 761 3532 1062 3597; x_wconf 85' lang='lat' dir='ltr'><strong>honores</strong></span> <span class='ocrx_word' id='word_1_208' title='bbox 1100 3544 1382 3618; x_wconf 82' lang='lat' dir='ltr'><strong>propter</strong></span> <span class='ocrx_word' id='word_1_209' title='bbox 1434 3530 1749 3596; x_wconf 81' lang='lat' dir='ltr'><strong>laborum</strong></span> <span class='ocrx_word' id='word_1_210' title='bbox 1809 3532 2286 3612; x_wconf 81' lang='lat' dir='ltr'><strong>tolerantiam,</strong></span> 
     </span>
     <span class='ocr_line' id='line_1_40' title="bbox 763 3626 2284 3712; baseline 0.001 -21"><span class='ocrx_word' id='word_1_211' title='bbox 763 3641 832 3691; x_wconf 87' lang='lat' dir='ltr'><strong>et</strong></span> <span class='ocrx_word' id='word_1_212' title='bbox 878 3627 1267 3711; x_wconf 79' lang='lat' dir='ltr'><strong>disciplinae</strong></span> <span class='ocrx_word' id='word_1_213' title='bbox 1327 3628 1638 3691; x_wconf 80' lang='lat' dir='ltr'><strong>militaris</strong></span> <span class='ocrx_word' id='word_1_214' title='bbox 1704 3626 2051 3692; x_wconf 84' lang='lat' dir='ltr'><strong>scientiam</strong></span> <span class='ocrx_word' id='word_1_215' title='bbox 2128 3648 2284 3712; x_wconf 87' lang='lat' dir='ltr'><strong>pro-</strong></span> 
     </span>
     <span class='ocr_line' id='line_1_41' title="bbox 765 3720 2285 3809; baseline 0.001 -23"><span class='ocrx_word' id='word_1_216' title='bbox 765 3727 992 3786; x_wconf 78' lang='lat' dir='ltr'><strong>motus</strong></span> <span class='ocrx_word' id='word_1_217' title='bbox 1035 3720 1164 3799; x_wconf 86' lang='lat' dir='ltr'><strong>est,</strong></span> <span class='ocrx_word' id='word_1_218' title='bbox 1229 3734 1298 3784; x_wconf 86' lang='lat' dir='ltr'><strong>et</strong></span> <span class='ocrx_word' id='word_1_219' title='bbox 1341 3721 1727 3805; x_wconf 83' lang='lat' dir='ltr'><strong>praefectus</strong></span> <span class='ocrx_word' id='word_1_220' title='bbox 1783 3723 2285 3809; x_wconf 71' lang='lat' dir='ltr'><strong>supplementiS,</strong></span> 
     </span>
    </p>
   </div>
   <div class='ocr_carea' id='block_1_8' title="bbox 2381 1997 3901 2183">
    <p class='ocr_par' dir='ltr' id='par_1_8' title="bbox 2381 1997 3901 2183">
     <span class='ocr_line' id='line_1_42' title="bbox 2382 1997 3901 2088; baseline 0.005 -26"><span class='ocrx_word' id='word_1_221' title='bbox 2382 1997 2574 2079; x_wconf 88' lang='lat' dir='ltr'><strong>Iulii,</strong></span> <span class='ocrx_word' id='word_1_222' title='bbox 2630 2012 2808 2065; x_wconf 89' lang='lat' dir='ltr'><strong>certe</strong></span> <span class='ocrx_word' id='word_1_223' title='bbox 2846 2020 2984 2064; x_wconf 88' lang='lat' dir='ltr'><strong>non</strong></span> <span class='ocrx_word' id='word_1_224' title='bbox 3016 2001 3246 2084; x_wconf 77' lang='lat' dir='ltr'><strong>terius,</strong></span> <span class='ocrx_word' id='word_1_225' title='bbox 3298 2013 3372 2064; x_wconf 85' lang='lat' dir='ltr'><strong>ut</strong></span> <span class='ocrx_word' id='word_1_226' title='bbox 3408 1999 3701 2088; x_wconf 53' lang='grc' dir='ltr'><strong>Γυγαίη</strong></span> <span class='ocrx_word' id='word_1_227' title='bbox 3737 2005 3901 2086; x_wconf 73' lang='lat' dir='ltr'><strong>Ale-j</strong></span> 
     </span>
     <span class='ocr_line' id='line_1_43' title="bbox 2381 2096 2999 2183; baseline 0.003 -21"><span class='ocrx_word' id='word_1_228' title='bbox 2381 2098 2648 2162; x_wconf 78' lang='lat' dir='ltr'><strong>xandro</strong></span> <span class='ocrx_word' id='word_1_229' title='bbox 2683 2096 2999 2183; x_wconf 74' lang='lat' dir='ltr'><strong>probavi.</strong></span> 
     </span>
    </p>
   </div>
   <div class='ocr_carea' id='block_1_9' title="bbox 2766 2286 3513 2375">
    <p class='ocr_par' dir='ltr' id='par_1_9' title="bbox 2766 2286 3513 2375">
     <span class='ocr_line' id='line_1_44' title="bbox 2766 2286 3513 2375; baseline 0.001 -21"><span class='ocrx_word' id='word_1_230' title='bbox 2766 2286 2850 2355; x_wconf 87' lang='lat' dir='ltr'><strong>V.</strong></span> <span class='ocrx_word' id='word_1_231' title='bbox 2878 2286 2943 2352; x_wconf 88' lang='lat' dir='ltr'><strong>C.</strong></span> <span class='ocrx_word' id='word_1_232' title='bbox 2975 2302 3113 2369; x_wconf 76' lang='lat'><strong>988</strong></span> <span class='ocrx_word' id='word_1_233' title='bbox 3147 2288 3225 2351; x_wconf 87' lang='lat' dir='ltr'><strong>P.</strong></span> <span class='ocrx_word' id='word_1_234' title='bbox 3261 2289 3350 2355; x_wconf 82' lang='lat' dir='ltr'><strong>X.</strong></span> <span class='ocrx_word' id='word_1_235' title='bbox 3372 2307 3513 2375; x_wconf 76' lang='lat'><strong>235.</strong></span> 
     </span>
    </p>
   </div>
   <div class='ocr_carea' id='block_1_10' title="bbox 2535 2382 3750 2570">
    <p class='ocr_par' dir='ltr' id='par_1_10' title="bbox 2535 2382 3750 2570">
     <span class='ocr_line' id='line_1_45' title="bbox 2535 2382 3750 2456; baseline 0.005 -5"><span class='ocrx_word' id='word_1_236' title='bbox 2535 2384 2668 2452; x_wconf 75' lang='grc' dir='ltr'><strong><em>ΤΚ.</em></strong></span> <span class='ocrx_word' id='word_1_237' title='bbox 2711 2386 2793 2450; x_wconf 90' lang='lat' dir='ltr'><strong>P.</strong></span> <span class='ocrx_word' id='word_1_238' title='bbox 2826 2383 3004 2449; x_wconf 89' lang='lat' dir='ltr'><strong>COS.</strong></span> <span class='ocrx_word' id='word_1_239' title='bbox 3042 2382 3244 2448; x_wconf 85' lang='lat' dir='ltr'><strong>DES.</strong></span> <span class='ocrx_word' id='word_1_240' title='bbox 3286 2385 3363 2448; x_wconf 85' lang='lat' dir='ltr'><strong>P.</strong></span> <span class='ocrx_word' id='word_1_241' title='bbox 3408 2388 3504 2450; x_wconf 81' lang='lat' dir='ltr'><strong>M.</strong></span> <span class='ocrx_word' id='word_1_242' title='bbox 3551 2388 3629 2452; x_wconf 89' lang='grc' dir='ltr'><strong>Ρ.</strong></span> <span class='ocrx_word' id='word_1_243' title='bbox 3666 2389 3750 2456; x_wconf 83' lang='grc' dir='ltr'><strong><em>Ρ.</em></strong></span> 
     </span>
     <span class='ocr_line' id='line_1_46' title="bbox 2712 2479 3551 2570; baseline 0 -25"><span class='ocrx_word' id='word_1_244' title='bbox 2712 2480 2985 2558; x_wconf 83' lang='lat' dir='ltr'><strong>Severo,</strong></span> <span class='ocrx_word' id='word_1_245' title='bbox 3060 2479 3400 2564; x_wconf 76' lang='lat' dir='ltr'><strong>Quintiano</strong></span> <span class='ocrx_word' id='word_1_246' title='bbox 3440 2481 3551 2570; x_wconf 76' lang='lat' dir='ltr'><strong>coJI</strong></span> 
     </span>
    </p>
   </div>
   <div class='ocr_carea' id='block_1_11' title="bbox 2371 2666 4005 3329">
    <p class='ocr_par' dir='ltr' id='par_1_11' title="bbox 2371 2666 4005 3329">
     <span class='ocr_line' id='line_1_47' title="bbox 2479 2666 4005 2752; baseline 0.007 -20"><span class='ocrx_word' id='word_1_247' title='bbox 2479 2666 2690 2732; x_wconf 81' lang='lat' dir='ltr'><strong>Caeso</strong></span> <span class='ocrx_word' id='word_1_248' title='bbox 2727 2670 3120 2735; x_wconf 83' lang='lat' dir='ltr'><strong>Alexandro</strong></span> <span class='ocrx_word' id='word_1_249' title='bbox 3168 2673 3586 2737; x_wconf 74' lang='lat' dir='ltr'><strong>Maximinus</strong></span> <span class='ocrx_word' id='word_1_250' title='bbox 3629 2675 3734 2752; x_wconf 78' lang='lat' dir='ltr'><strong>ab,</strong></span> <span class='ocrx_word' id='word_1_251' title='bbox 3784 2697 3907 2746; x_wconf 72' lang='lat' dir='ltr'><strong>ex·⁴</strong></span> <span class='ocrx_word' id='word_1_252' title='bbox 3994 2728 4005 2734; x_wconf 84' lang='lat'><strong>.</strong></span> 
     </span>
     <span class='ocr_line' id='line_1_48' title="bbox 2377 2765 3905 2854; baseline 0.009 -29"><span class='ocrx_word' id='word_1_253' title='bbox 2377 2766 2591 2827; x_wconf 88' lang='lat' dir='ltr'><strong>ercitu</strong></span> <span class='ocrx_word' id='word_1_254' title='bbox 2645 2765 3019 2850; x_wconf 81' lang='lat' dir='ltr'><strong>imperator</strong></span> <span class='ocrx_word' id='word_1_255' title='bbox 3063 2768 3494 2834; x_wconf 81' lang='lat' dir='ltr'><strong>adclamatus</strong></span> <span class='ocrx_word' id='word_1_256' title='bbox 3560 2772 3905 2854; x_wconf 79' lang='lat' dir='ltr'><strong>probante</strong></span> 
     </span>
     <span class='ocr_line' id='line_1_49' title="bbox 2376 2860 3901 2932; baseline 0.007 -10"><span class='ocrx_word' id='word_1_257' title='bbox 2376 2879 2542 2923; x_wconf 83' lang='lat' dir='ltr'><strong>mox</strong></span> <span class='ocrx_word' id='word_1_258' title='bbox 2587 2860 2815 2924; x_wconf 82' lang='lat' dir='ltr'><strong>senatu</strong></span> <span class='ocrx_word' id='word_1_259' title='bbox 2857 2861 3140 2925; x_wconf 81' lang='lat' dir='ltr'><strong>refistere</strong></span> <span class='ocrx_word' id='word_1_260' title='bbox 3197 2882 3333 2927; x_wconf 80' lang='lat' dir='ltr'><strong>nou</strong></span> <span class='ocrx_word' id='word_1_261' title='bbox 3378 2863 3561 2928; x_wconf 81' lang='lat' dir='ltr'><strong>auso.</strong></span> <span class='ocrx_word' id='word_1_262' title='bbox 3642 2867 3901 2932; x_wconf 83' lang='lat' dir='ltr'><strong>Filium</strong></span> 
     </span>
     <span class='ocr_line' id='line_1_50' title="bbox 2374 2955 3902 3049; baseline 0.007 -32"><span class='ocrx_word' id='word_1_263' title='bbox 2374 2956 2760 3019; x_wconf 81' lang='lat' dir='ltr'><strong>Maximum</strong></span> <span class='ocrx_word' id='word_1_264' title='bbox 2806 2955 3164 3049; x_wconf 73' lang='lat' dir='ltr'><strong>Caesarem</strong></span> <span class='ocrx_word' id='word_1_265' title='bbox 3231 2972 3454 3037; x_wconf 88' lang='lat' dir='ltr'><strong>creat,</strong></span> <span class='ocrx_word' id='word_1_266' title='bbox 3523 2979 3902 3049; x_wconf 78' lang='lat' dir='ltr'><strong>omnesque</strong></span> 
     </span>
     <span class='ocr_line' id='line_1_51' title="bbox 2373 3050 3899 3138; baseline 0.007 -26"><span class='ocrx_word' id='word_1_267' title='bbox 2373 3050 2749 3114; x_wconf 80' lang='lat' dir='ltr'><strong>Alexandri</strong></span> <span class='ocrx_word' id='word_1_268' title='bbox 2794 3054 3054 3117; x_wconf 81' lang='lat' dir='ltr'><strong>amicos</strong></span> <span class='ocrx_word' id='word_1_269' title='bbox 3101 3066 3218 3116; x_wconf 83' lang='lat' dir='ltr'><strong>aut</strong></span> <span class='ocrx_word' id='word_1_270' title='bbox 3259 3053 3413 3118; x_wconf 87' lang='lat' dir='ltr'><strong>loco</strong></span> <span class='ocrx_word' id='word_1_271' title='bbox 3449 3070 3715 3138; x_wconf 78' lang='lat' dir='ltr'><strong>movet,</strong></span> <span class='ocrx_word' id='word_1_272' title='bbox 3769 3072 3899 3122; x_wconf 86' lang='lat' dir='ltr'><strong>aut</strong></span> 
     </span>
     <span class='ocr_line' id='line_1_52' title="bbox 2371 3145 3915 3236; baseline 0.008 -28"><span class='ocrx_word' id='word_1_273' title='bbox 2371 3145 2714 3212; x_wconf 79' lang='lat' dir='ltr'><strong>interimit.</strong></span> <span class='ocrx_word' id='word_1_274' title='bbox 2770 3148 3080 3211; x_wconf 83' lang='lat' dir='ltr'><strong>Rhenum</strong></span> <span class='ocrx_word' id='word_1_275' title='bbox 3124 3150 3557 3236; x_wconf 79' lang='lat' dir='ltr'><strong>transgress&#39;us</strong></span> <span class='ocrx_word' id='word_1_276' title='bbox 3606 3150 3915 3236; x_wconf 50' lang='lat' dir='ltr'><strong>Germa..-⁵</strong></span> 
     </span>
     <span class='ocr_line' id='line_1_53' title="bbox 2374 3242 3051 3329; baseline 0 -22"><span class='ocrx_word' id='word_1_277' title='bbox 2374 3261 2500 3307; x_wconf 79' lang='lat' dir='ltr'><strong>nos</strong></span> <span class='ocrx_word' id='word_1_278' title='bbox 2545 3242 2726 3306; x_wconf 86' lang='lat' dir='ltr'><strong>bello</strong></span> <span class='ocrx_word' id='word_1_279' title='bbox 2764 3245 3051 3329; x_wconf 89' lang='lat' dir='ltr'><strong>impetit.</strong></span> 
     </span>
    </p>
   </div>
   <div class='ocr_carea' id='block_1_12' title="bbox 2661 3394 3905 3513">
    <p class='ocr_par' dir='ltr' id='par_1_12' title="bbox 2661 3394 3905 3513">
     <span class='ocr_line' id='line_1_54' title="bbox 2661 3394 3905 3513; baseline 0.01 -13"><span class='ocrx_word' id='word_1_280' title='bbox 2661 3435 2849 3503; x_wconf 74' lang='lat' dir='ltr'><strong>nur.</strong></span> <span class='ocrx_word' id='word_1_281' title='bbox 2870 3394 3418 3505; x_wconf 52' lang='lat' dir='ltr'><strong>thmmvs.</strong></span> <span class='ocrx_word' id='word_1_282' title='bbox 3435 3438 3653 3507; x_wconf 68' lang='lat' dir='ltr'><strong>rurs,</strong></span> <span class='ocrx_word' id='word_1_283' title='bbox 3679 3440 3905 3513; x_wconf 68' lang='lat' dir='ltr'><strong>Avo.</strong></span> 
     </span>
    </p>
   </div>
   <div class='ocr_carea' id='block_1_13' title="bbox 2660 3532 3905 3694">
    <p class='ocr_par' dir='ltr' id='par_1_13' title="bbox 2660 3532 3905 3694">
     <span class='ocr_line' id='line_1_55' title="bbox 2665 3532 3905 3617; baseline 0.007 -19"><span class='ocrx_word' id='word_1_284' title='bbox 2665 3532 2868 3617; x_wconf 76' lang='lat' dir='ltr'><strong>Caput</strong></span> <span class='ocrx_word' id='word_1_285' title='bbox 2905 3533 3250 3602; x_wconf 69' lang='lat' dir='ltr'><strong>laureatum</strong></span> <span class='ocrx_word' id='word_1_286' title='bbox 3274 3579 3298 3616; x_wconf 86' lang='lat'>,</span> <span class='ocrx_word' id='word_1_287' title='bbox 3344 3537 3537 3602; x_wconf 69' lang='lat' dir='ltr'><strong>cuam</strong></span> <span class='ocrx_word' id='word_1_288' title='bbox 3573 3536 3905 3606; x_wconf 64' lang='lat' dir='ltr'><strong>radiatum</strong></span> 
     </span>
     <span class='ocr_line' id='line_1_56' title="bbox 2660 3628 3041 3694; baseline 0.005 -2"><span class='ocrx_word' id='word_1_289' title='bbox 2660 3629 2730 3692; x_wconf 77' lang='lat' dir='ltr'><strong>in</strong></span> <span class='ocrx_word' id='word_1_290' title='bbox 2763 3628 2912 3694; x_wconf 80' lang='grc' dir='ltr'><strong><em>ΑΕ.</em></strong></span> <span class='ocrx_word' id='word_1_291' title='bbox 2956 3630 3041 3694; x_wconf 86' lang='lat' dir='ltr'><strong>II.</strong></span> 
     </span>
    </p>
   </div>
   <div class='ocr_carea' id='block_1_14' title="bbox 2372 3722 3907 3817">
    <p class='ocr_par' dir='ltr' id='par_1_14' title="bbox 2372 3722 3907 3817">
     <span class='ocr_line' id='line_1_57' title="bbox 2372 3722 3907 3817; baseline 0.01 -33"><span class='ocrx_word' id='word_1_292' title='bbox 2372 3722 2445 3787; x_wconf 86' lang='lat' dir='ltr'><strong>P.</strong></span> <span class='ocrx_word' id='word_1_293' title='bbox 2495 3724 2591 3786; x_wconf 88' lang='lat' dir='ltr'><strong>M.</strong></span> <span class='ocrx_word' id='word_1_294' title='bbox 2627 3724 2776 3792; x_wconf 83' lang='lat' dir='ltr'><strong>TR.</strong></span> <span class='ocrx_word' id='word_1_295' title='bbox 2799 3725 2875 3789; x_wconf 90' lang='lat' dir='ltr'><strong>P.</strong></span> <span class='ocrx_word' id='word_1_296' title='bbox 2916 3726 2989 3793; x_wconf 90' lang='lat' dir='ltr'><strong>P.</strong></span> <span class='ocrx_word' id='word_1_297' title='bbox 3029 3727 3106 3791; x_wconf 91' lang='lat' dir='ltr'><strong>P.</strong></span> <span class='ocrx_word' id='word_1_298' title='bbox 3157 3729 3524 3815; x_wconf 76' lang='lat' dir='ltr'><strong>Imperator</strong></span> <span class='ocrx_word' id='word_1_299' title='bbox 3549 3729 3907 3817; x_wconf 66' lang='lat' dir='ltr'><strong>paludatus</strong></span> 
     </span>
    </p>
   </div>
   <div class='ocr_carea' id='block_1_15' title="bbox 765 3815 3903 4010">
    <p class='ocr_par' dir='ltr' id='par_1_15' title="bbox 765 3815 3903 4010">
     <span class='ocr_line' id='line_1_58' title="bbox 765 3815 3903 3916; baseline 0.005 -37"><span class='ocrx_word' id='word_1_300' title='bbox 765 3835 945 3899; x_wconf 84' lang='lat' dir='ltr'><strong>quae</strong></span> <span class='ocrx_word' id='word_1_301' title='bbox 981 3815 1118 3898; x_wconf 81' lang='lat' dir='ltr'><strong>ipse</strong></span> <span class='ocrx_word' id='word_1_302' title='bbox 1156 3817 1226 3876; x_wconf 92' lang='lat' dir='ltr'><strong>in</strong></span> <span class='ocrx_word' id='word_1_303' title='bbox 1252 3817 1611 3880; x_wconf 79' lang='lat' dir='ltr'><strong>Pannonia</strong></span> <span class='ocrx_word' id='word_1_304' title='bbox 1647 3818 2145 3904; x_wconf 80' lang='lat' dir='ltr'><strong>conscripserat.</strong></span> <span class='ocrx_word' id='word_1_305' title='bbox 2208 3822 2286 3886; x_wconf 85' lang='lat' dir='ltr'><strong>V.</strong></span> <span class='ocrx_word' id='word_1_306' title='bbox 2349 3820 2533 3906; x_wconf 84' lang='lat' dir='ltr'><strong>stans</strong></span> <span class='ocrx_word' id='word_1_307' title='bbox 2565 3822 2730 3885; x_wconf 68' lang='lat' dir='ltr'><strong>inter</strong></span> <span class='ocrx_word' id='word_1_308' title='bbox 2757 3819 3084 3908; x_wconf 74' lang='lat' dir='ltr'><strong>duefigua</strong></span> <span class='ocrx_word' id='word_1_309' title='bbox 3126 3825 3435 3893; x_wconf 72' lang='lat' dir='ltr'><strong>militaria</strong></span> <span class='ocrx_word' id='word_1_310' title='bbox 3484 3826 3544 3893; x_wconf 78' lang='lat' dir='ltr'><strong>d.</strong></span> <span class='ocrx_word' id='word_1_311' title='bbox 3582 3827 3745 3894; x_wconf 73' lang='lat' dir='ltr'><strong>elata</strong></span> <span class='ocrx_word' id='word_1_312' title='bbox 3771 3877 3793 3908; x_wconf 88' lang='lat'>,</span> <span class='ocrx_word' id='word_1_313' title='bbox 3823 3829 3903 3916; x_wconf 86' lang='lat' dir='ltr'><strong>s.</strong></span> 
     </span>
     <span class='ocr_line' id='line_1_59' title="bbox 765 3908 3898 4010; baseline 0.006 -36"><span class='ocrx_word' id='word_1_314' title='bbox 765 3908 842 3976; x_wconf 88' lang='lat' dir='ltr'><strong>C.</strong></span> <span class='ocrx_word' id='word_1_315' title='bbox 889 3922 1025 3992; x_wconf 89' lang='lat'><strong>988</strong></span> <span class='ocrx_word' id='word_1_316' title='bbox 1063 3910 1527 3973; x_wconf 82' lang='lat' dir='ltr'><strong>Alexandrum</strong></span> <span class='ocrx_word' id='word_1_317' title='bbox 1583 3914 1673 3975; x_wconf 84' lang='lat' dir='ltr'><strong>ad</strong></span> <span class='ocrx_word' id='word_1_318' title='bbox 1717 3912 1968 3977; x_wconf 88' lang='lat' dir='ltr'><strong>bellum</strong></span> <span class='ocrx_word' id='word_1_319' title='bbox 2009 3914 2287 3978; x_wconf 83' lang='lat' dir='ltr'><strong>Germa·</strong></span> <span class='ocrx_word' id='word_1_320' title='bbox 2369 3911 2619 4001; x_wconf 70' lang='lat' dir='ltr'><strong>hqstam.</strong></span> <span class='ocrx_word' id='word_1_321' title='bbox 2671 3918 2987 3984; x_wconf 79' lang='lat' dir='ltr'><strong>AV.AR.</strong></span> <span class='ocrx_word' id='word_1_322' title='bbox 3018 3920 3154 3983; x_wconf 83' lang='grc' dir='ltr'><strong><em>ΑΕ.</em></strong></span> <span class='ocrx_word' id='word_1_323' title='bbox 3198 3922 3250 3986; x_wconf 93' lang='lat'><strong>1.</strong></span> <span class='ocrx_word' id='word_1_324' title='bbox 3292 3923 3378 3987; x_wconf 91' lang='lat'><strong>11.</strong></span> <span class='ocrx_word' id='word_1_325' title='bbox 3432 3921 3629 4002; x_wconf 82' lang='lat' dir='ltr'><strong>(Mus.</strong></span> <span class='ocrx_word' id='word_1_326' title='bbox 3653 3919 3898 4010; x_wconf 74' lang='lat' dir='ltr'><strong>Caes.)</strong></span> 
     </span>
    </p>
   </div>
   <div class='ocr_carea' id='block_1_16' title="bbox 764 4003 2317 4094">
    <p class='ocr_par' dir='ltr' id='par_1_16' title="bbox 764 4003 2317 4094">
     <span class='ocr_line' id='line_1_60' title="bbox 764 4003 2317 4094; baseline 0.004 -24"><span class='ocrx_word' id='word_1_327' title='bbox 764 4007 991 4071; x_wconf 74' lang='lat' dir='ltr'><strong>uicum</strong></span> <span class='ocrx_word' id='word_1_328' title='bbox 1035 4004 1329 4081; x_wconf 68' lang='lat' dir='ltr'><strong>secutuS,</strong></span> <span class='ocrx_word' id='word_1_329' title='bbox 1379 4003 1590 4070; x_wconf 82' lang='lat' dir='ltr'><strong>fretus</strong></span> <span class='ocrx_word' id='word_1_330' title='bbox 1620 4007 1960 4094; x_wconf 87' lang='lat' dir='ltr'><strong>legionum</strong></span> <span class='ocrx_word' id='word_1_331' title='bbox 1996 4011 2068 4072; x_wconf 91' lang='lat' dir='ltr'><strong>in</strong></span> <span class='ocrx_word' id='word_1_332' title='bbox 2111 4011 2317 4076; x_wconf 88' lang='lat' dir='ltr'><strong>hunc·</strong></span> 
     </span>
    </p>
   </div>
   <div class='ocr_carea' id='block_1_17' title="bbox 2661 4014 3906 4103">
    <p class='ocr_par' dir='ltr' id='par_1_17' title="bbox 2661 4014 3906 4103">
     <span class='ocr_line' id='line_1_61' title="bbox 2661 4014 3906 4103; baseline 0.007 -24"><span class='ocrx_word' id='word_1_333' title='bbox 2661 4014 2901 4079; x_wconf 78' lang='lat' dir='ltr'><strong>Eadem</strong></span> <span class='ocrx_word' id='word_1_334' title='bbox 2950 4014 3229 4103; x_wconf 72' lang='lat' dir='ltr'><strong>adversa.</strong></span> <span class='ocrx_word' id='word_1_335' title='bbox 3890 4043 3906 4056; x_wconf 92' lang='lat'><strong>·</strong></span> 
     </span>
    </p>
   </div>
   <div class='ocr_carea' id='block_1_18' title="bbox 767 4100 3955 4300">
    <p class='ocr_par' dir='ltr' id='par_1_18' title="bbox 767 4100 3955 4300">
     <span class='ocr_line' id='line_1_62' title="bbox 768 4100 3955 4204; baseline 0.004 -38"><span class='ocrx_word' id='word_1_336' title='bbox 768 4102 934 4166; x_wconf 86' lang='lat' dir='ltr'><strong>odio</strong></span> <span class='ocrx_word' id='word_1_337' title='bbox 962 4113 1271 4177; x_wconf 86' lang='lat' dir='ltr'><strong>recente,</strong></span> <span class='ocrx_word' id='word_1_338' title='bbox 1323 4100 1722 4188; x_wconf 85' lang='lat' dir='ltr'><strong>suorumque</strong></span> <span class='ocrx_word' id='word_1_339' title='bbox 1762 4103 2039 4169; x_wconf 81' lang='lat' dir='ltr'><strong>adfectu</strong></span> <span class='ocrx_word' id='word_1_340' title='bbox 2070 4107 2283 4191; x_wconf 85' lang='lat' dir='ltr'><strong>impe·</strong></span> <span class='ocrx_word' id='word_1_341' title='bbox 2367 4103 2997 4192; x_wconf 51' lang='lat' dir='ltr'><strong>LIBERAQITAS.</strong></span> <span class='ocrx_word' id='word_1_342' title='bbox 3040 4113 3245 4177; x_wconf 78' lang='lat' dir='ltr'><strong>AVG.</strong></span> <span class='ocrx_word' id='word_1_343' title='bbox 3298 4113 3686 4182; x_wconf 72' lang='lat' dir='ltr'><strong>Liberalitas</strong></span> <span class='ocrx_word' id='word_1_344' title='bbox 3687 4118 3910 4204; x_wconf 71' lang='lat' dir='ltr'><strong>stans.</strong></span> <span class='ocrx_word' id='word_1_345' title='bbox 3943 4129 3955 4142; x_wconf 89' lang='grc'><em>·</em></span> 
     </span>
     <span class='ocr_line' id='line_1_63' title="bbox 767 4196 3913 4300; baseline 0.004 -38"><span class='ocrx_word' id='word_1_346' title='bbox 767 4209 1067 4262; x_wconf 83' lang='lat' dir='ltr'><strong>ratorem</strong></span> <span class='ocrx_word' id='word_1_347' title='bbox 1110 4197 1193 4259; x_wconf 89' lang='lat' dir='ltr'><strong>de</strong></span> <span class='ocrx_word' id='word_1_348' title='bbox 1226 4196 1288 4257; x_wconf 86' lang='lat' dir='ltr'><strong>se</strong></span> <span class='ocrx_word' id='word_1_349' title='bbox 1337 4200 1597 4283; x_wconf 83' lang='lat' dir='ltr'><strong>egregie</strong></span> <span class='ocrx_word' id='word_1_350' title='bbox 1645 4201 2088 4283; x_wconf 86' lang='lat' dir='ltr'><strong>promeritum</strong></span> <span class='ocrx_word' id='word_1_351' title='bbox 2134 4222 2282 4286; x_wconf 84' lang='lat' dir='ltr'><strong>per·</strong></span> <span class='ocrx_word' id='word_1_352' title='bbox 2367 4205 2514 4267; x_wconf 81' lang='lat' dir='ltr'><strong>AV.</strong></span> <span class='ocrx_word' id='word_1_353' title='bbox 2554 4203 2696 4268; x_wconf 87' lang='lat' dir='ltr'><strong>AR.</strong></span> <span class='ocrx_word' id='word_1_354' title='bbox 2753 4204 2826 4267; x_wconf 86' lang='lat' dir='ltr'><strong>In</strong></span> <span class='ocrx_word' id='word_1_355' title='bbox 2868 4207 3062 4272; x_wconf 79' lang='lat' dir='ltr'><strong>aliis:</strong></span> <span class='ocrx_word' id='word_1_356' title='bbox 3151 4209 3514 4295; x_wconf 61' lang='lat' dir='ltr'><strong>Imperaoor</strong></span> <span class='ocrx_word' id='word_1_357' title='bbox 3565 4215 3913 4300; x_wconf 70' lang='lat' dir='ltr'><strong>congiario</strong></span> 
     </span>
    </p>
   </div>
   <div class='ocr_carea' id='block_1_19' title="bbox 635 4289 3551 4389">
    <p class='ocr_par' dir='ltr' id='par_1_19' title="bbox 635 4289 3551 4389">
     <span class='ocr_line' id='line_1_64' title="bbox 635 4289 3551 4389; baseline 0.005 -33"><span class='ocrx_word' id='word_1_358' title='bbox 635 4331 642 4338; x_wconf 88' lang='lat'><strong>·</strong></span> <span class='ocrx_word' id='word_1_359' title='bbox 770 4294 975 4358; x_wconf 64' lang='lat' dir='ltr'><strong>fidene</strong></span> <span class='ocrx_word' id='word_1_360' title='bbox 1016 4292 1243 4356; x_wconf 88' lang='lat' dir='ltr'><strong>medio</strong></span> <span class='ocrx_word' id='word_1_361' title='bbox 1274 4289 1545 4372; x_wconf 80' lang='lat' dir='ltr'><strong>sustulit,</strong></span> <span class='ocrx_word' id='word_1_362' title='bbox 1595 4291 1775 4357; x_wconf 79' lang='lat' dir='ltr'><strong>forte</strong></span> <span class='ocrx_word' id='word_1_363' title='bbox 1807 4296 1991 4360; x_wconf 86' lang='lat' dir='ltr'><strong>circa</strong></span> <span class='ocrx_word' id='word_1_364' title='bbox 2015 4297 2283 4361; x_wconf 88' lang='lat' dir='ltr'><strong>initium</strong></span> <span class='ocrx_word' id='word_1_365' title='bbox 2359 4300 2729 4389; x_wconf 69' lang='lat' dir='ltr'><strong>praesidem.</strong></span> <span class='ocrx_word' id='word_1_366' title='bbox 2782 4302 2924 4365; x_wconf 76' lang='lat' dir='ltr'><strong>AF..</strong></span> <span class='ocrx_word' id='word_1_367' title='bbox 2968 4303 3023 4367; x_wconf 90' lang='lat'><strong>1.</strong></span> <span class='ocrx_word' id='word_1_368' title='bbox 3076 4304 3286 4388; x_wconf 84' lang='lat' dir='ltr'><strong>(Mus.</strong></span> <span class='ocrx_word' id='word_1_369' title='bbox 3322 4304 3551 4387; x_wconf 80' lang='lat' dir='ltr'><strong>Caes.)</strong></span> 
     </span>
    </p>
   </div>
   <div class='ocr_carea' id='block_1_20' title="bbox 766 4465 3933 4504">
    <p class='ocr_par' dir='ltr' id='par_1_20' title="bbox 766 4465 3933 4504">
     <span class='ocr_line' id='line_1_65' title="bbox 766 4465 3933 4504; baseline 0 955"><span class='ocrx_word' id='word_1_370' title='bbox 766 4465 3933 4504; x_wconf 95' lang='lat' dir='ltr'><strong> </strong></span> 
     </span>
    </p>
   </div>
   <div class='ocr_carea' id='block_1_21' title="bbox 851 4528 1122 4597">
    <p class='ocr_par' dir='ltr' id='par_1_21' title="bbox 851 4528 1122 4597">
     <span class='ocr_line' id='line_1_66' title="bbox 851 4528 1122 4597; baseline 0.011 -16"><span class='ocrx_word' id='word_1_371' title='bbox 851 4528 911 4597; x_wconf 70' lang='lat' dir='ltr'><strong>a)</strong></span> <span class='ocrx_word' id='word_1_372' title='bbox 945 4529 1002 4587; x_wconf 89' lang='lat' dir='ltr'><strong>ll.</strong></span> <span class='ocrx_word' id='word_1_373' title='bbox 1041 4546 1122 4591; x_wconf 75' lang='lat' dir='ltr'><strong>ee.</strong></span> 
     </span>
    </p>
   </div>
   <div class='ocr_carea' id='block_1_22' title="bbox 1315 4528 2320 4604">
    <p class='ocr_par' dir='ltr' id='par_1_22' title="bbox 1315 4528 2320 4604">
     <span class='ocr_line' id='line_1_67' title="bbox 1315 4528 2320 4604; baseline 0.013 -20"><span class='ocrx_word' id='word_1_374' title='bbox 1315 4528 1379 4600; x_wconf 76' lang='lat' dir='ltr'><strong>b)</strong></span> <span class='ocrx_word' id='word_1_375' title='bbox 1418 4529 1490 4585; x_wconf 78' lang='lat' dir='ltr'><strong>de</strong></span> <span class='ocrx_word' id='word_1_376' title='bbox 1532 4530 1659 4596; x_wconf 78' lang='lat' dir='ltr'><strong>trib,</strong></span> <span class='ocrx_word' id='word_1_377' title='bbox 1694 4541 1814 4604; x_wconf 72' lang='lat' dir='ltr'><strong>pot.</strong></span> <span class='ocrx_word' id='word_1_378' title='bbox 1851 4549 1908 4604; x_wconf 83' lang='lat' dir='ltr'><strong>p.</strong></span> <span class='ocrx_word' id='word_1_379' title='bbox 1958 4543 2073 4596; x_wconf 73' lang='lat'><strong>¹8¹-</strong></span> <span class='ocrx_word' id='word_1_380' title='bbox 2111 4546 2164 4588; x_wconf 88' lang='lat' dir='ltr'><strong>et</strong></span> <span class='ocrx_word' id='word_1_381' title='bbox 2202 4551 2320 4604; x_wconf 77' lang='lat'><strong>279.</strong></span> 
     </span>
    </p>
   </div>
   <div class='ocr_carea' id='block_1_23' title="bbox 2513 4538 3180 4615">
    <p class='ocr_par' dir='ltr' id='par_1_23' title="bbox 2513 4538 3180 4615">
     <span class='ocr_line' id='line_1_68' title="bbox 2513 4538 3180 4615; baseline 0.012 -25"><span class='ocrx_word' id='word_1_382' title='bbox 2513 4540 2565 4605; x_wconf 82' lang='lat' dir='ltr'><strong>e)</strong></span> <span class='ocrx_word' id='word_1_383' title='bbox 2603 4538 2739 4600; x_wconf 72' lang='lat' dir='ltr'><strong>Ant.</strong></span> <span class='ocrx_word' id='word_1_384' title='bbox 2777 4539 2926 4602; x_wconf 67' lang='lat' dir='ltr'><strong>Gall,</strong></span> <span class='ocrx_word' id='word_1_385' title='bbox 2965 4559 3023 4615; x_wconf 70' lang='lat' dir='ltr'><strong>p.</strong></span> <span class='ocrx_word' id='word_1_386' title='bbox 3067 4553 3180 4607; x_wconf 55' lang='grc' dir='ltr'><strong><em>ιιι.</em></strong></span> 
     </span>
    </p>
   </div>
  </div>
 </body>
</html>
