4242 5459
1472 203 1641 366 :r
2493 129 2718 301 ³¹¹2·

902 595 1038 680 ‚3⁶
2056 518 2876 666 coMM'oDVS.

897 787 1214 852 salutant.
1312 783 1457 847 Stet
1516 782 1718 866 igitur
1766 779 2029 864 integra
2071 778 2210 845 hoc
2257 781 2418 846 loco

2505 794 2691 864 944,
2741 777 2852 844 sed
2900 775 3036 842 hoc
3082 773 3353 841 labente
3402 794 3538 841 una
3586 733 3766 843 euni
3798 781 4016 844 nomi·

902 880 1288 966 Lampridii
1356 879 1755 941 auctoritas,
1857 875 2204 956 Quoniam
2258 897 2420 966 ergo
2502 879 2705 943 nibus
2742 875 2957 944 Marci
2992 884 3061 936 et
3096 873 3410 938 Antonini
3452 892 3538 936 ex
3587 887 3866 939 moneta
3903 896 4026 939 exc

905 976 1327 1042 Commodus
1361 973 1541 1038 Felix
1571 972 1708 1034 dici
1737 971 1976 1056 incipit
2011 973 2081 1036 in
2118 971 2279 1037 trib.
2299 992 2422 1061 po·
2502 975 2707 1039 torris
2749 971 2836 1036 est
2883 969 3106 1034 factus
3146 967 3520 1033 ferentibus
3580 979 3810 1035 tamen
3862 989 4016 1034 eum

901 1073 1137 1138 testate
1177 1070 1300 1147 X„
1354 1079 1441 1130 et
1467 1065 1816 1131 consulatu
1859 1067 1977 1134 lv.
1995 1087 2247 1152 ,quae
2277 1069 2425 1134 sunt

846 1221 868 1240 .
902 1179 1111 1232 notae
1146 1165 1307 1227 anni
1349 1167 1434 1228 V.
1473 1162 1549 1229 C.
1592 1175 1769 1245 938,
1836 1164 2209 1249 datumque
2243 1164 2420 1229 hunc

902 1262 1174 1326 titulum
1249 1259 1496 1324 adserit
1555 1258 1992 1344 Lampridius
2069 1259 2422 1325 occasione

901 1355 1228 1422 Perennis
1263 1354 1472 1434 caesi,
1493 1355 1760 1440 ·palam
1804 1352 2422 1434 est,hunc1”al'tem

900 1453 1153 1517 fluente
1191 1451 1323 1516 hoc
1379 1467 1559 1514 anno
1601 1449 1908 1515 violenta
1958 1439 2178 1515 morie
2230 1451 2423 1517 fuiss'e

905 1546 1340 1625 exstinctum,
1378 1545 1715 1631 quoniam
1753 1545 2229 1612 Commodus
2209 1569 2279 1616 ιιι
2305 1569 2423 1613 ιιιι-

904 1647 1034 1710 mis
1060 1643 1265 1727 -hujus
1295 1645 1456 1706 anni
1493 1643 1676 1709 Felix
1713 1644 1854 1723 jam
1911 1643 2125 1707 audit.
2195 1644 2426 1727 Quare

902 1740 1158 1808 rursum
1192 1738 1459 1804 fallitur
1473 1737 1538 1801 T
1541 1738 1982 1816 illemontius,
2034 1740 2151 1823 qui
2180 1739 2428 1804 tristem

902 1836 1225 1900 Perennis
1249 1833 1472 1898 casum
1504 1834 1575 1896 in
1595 1825 1844 1897 annum
1874 1834 2263 1918 sequentem
2287 1851 2425 1919 939

905 1931 1158 1996 differt.
1200 1929 1453 2016 Pagius
1492 1929 1752 1993 dictum
1805 1930 1933 1993 ess'e
1993 1931 2248 1997 Felicem
2282 1932 2427 2017 ipso

905 2029 1175 2113 imperii
1212 2024 1361 2112 post
1395 2027 1609 2109 patris
1651 2036 1940 2090 mortem
1985 2026 2266 2113 suscepti
2306 2028 2431 2091 ini·

904 2126 1008 2188 tio
1051 2143 1137 2188 ex
1175 2122 1395 2187 numia
1443 2121 1732 2201 adserit,
1783 2118 1848 2203 ⁸)
1897 2122 2010 2186 sed
2058 2136 2130 2186 et
2178 2124 2290 2187 hic
2343 2141 2431 2187 ex

905 2221 1127 2284 numis
1152 2266 1173 2299 ,
1225 2236 1397 2300 quos
1433 2217 1744 2306 vulgavit
1785 2218 2303 2282 Mediobarbus.

1006 2311 1627 2377 GERMANICVS.
1675 2314 1808 2376 Hic
1847 2313 2077 2378 honos
2112 2314 2434 2382 Commo·

908 2415 1002 2478 do
1038 2430 1126 2474 ex
1145 2410 1383 2494 elogiis
1404 2409 1665 2472 bellicis
1698 2410 2001 2474 omnium
2037 2405 2430 2474 maturrime

910 2508 1224 2584 delatus,
1277 2516 1347 2568 et
1394 2507 1665 2588 quidem
1710 2524 1863 2567 cum
1912 2505 2163 2570 Caesar
2207 2508 2431 2569 adhuc

906 2604 1072 2671 ,ess‘et
1098 2650 1125 2681 ,
1166 2614 1235 2666 et
1280 2621 1367 2665 ex
1407 2603 1663 2665 meritis
1710 2603 1924 2686 patris
1952 2648 1970 2678 ,
2026 2614 2098 2664 ut
2134 2604 2431 2665 vidimus

914 2701 1006 2765 ad
1045 2719 1293 2763 annum
1332 2695 1419 2761 V.
1458 2695 1532 2760 C.
1570 2707 1737 2778 928.
1835 2698 2017 2760 Huic
2070 2695 2432 2759 secundum

892 2796 1415 2880 'inscriptionem
1454 2792 1802 2855 literarum
1830 2837 1851 2870 ,
1903 2809 2108 2874 quam
2147 2811 2232 2854 ex
2267 2791 2433 2854 Dio-

912 2911 995 2954 ne
1032 2891 1231 2974 supra
1272 2879 1632 2965 dedimus,
1684 2885 1959 2951 additur
1978 2887 2432 2966 MAXIMVS,

920 2997 987 3048 et
1030 2984 1411 3069 conspirant
1476 2985 1547 3046 in
1592 2983 1726 3047 hoc
1798 2983 2103 3069 epitheto
2154 2983 2432 3068 copiosa

916 3097 1308 3157 marmora,
1363 3089 1434 3141 at
1479 3081 1547 3143 in
1582 3079 1802 3142 numis
1856 3078 2025 3144 iilud
2083 3097 2432 3163 nunquam

922 3186 1304 3264 comparet.

1019 3267 1604 3337 SARMATICVS
1693 3205 2081 3335 Germanici
2163 3267 2434 3332 titulum

920 3368 1158 3458 paullo
1201 3364 1345 3454 post
1387 3366 1683 3446 secutus,
1736 3380 1810 3430 ut
1843 3366 2293 3452 probavimus
2344 3365 2434 3427 ad

925 3487 1175 3536 annum
1216 3466 1308 3529 V.
1343 3462 1427 3526 C.
1454 3473 1614 3545 928.
1669 3465 1964 3546 Vterque
1997 3462 2142 3525 fere
2170 3460 2437 3523 inscribi

924 3566 1143 3628 numis
1184 3559 1374 3627 desiit
1429 3576 1609 3623 anno
1648 3561 1733 3625 V.
1778 3556 1854 3624 C.
1896 3579 2025 3641 93²
2059 3605 2079 3637 ,
2134 3569 2209 3620 at
2257 3575 2432 3619 mar-

925 3661 1228 3723 moribus
1276 3655 1562 3721 inhaesit
1610 3652 2007 3720 constanter.

932 3775 941 3784 ·
1021 3749 1658 3815 BRITANNICVS.
1710 3750 1905 3814 Teste
1947 3740 2448 3837 Lampridiob)

928 3847 1312 3932 appellatus
1361 3842 1452 3905 est
1490 3848 1902 3911 Britannicus
1955 3847 2035 3914 ab
2086 3847 2440 3913 adulatori-

928 3945 1087 4018 bus,
1141 3961 1277 4003 cum
1299 3940 1599 4002 Britanni
1622 3944 1806 4004 etia'm
1841 3941 2275 4026 imperatorem
2297 3963 2444 4010 con-

798 4057 805 4064 ·
927 4049 1036 4100 tra
1060 4056 1193 4099 eum
1219 4035 1440 4119 eligere
1468 4034 1797 4100 voluerint.
1851 4036 2045 4119 Quae
2066 4039 2273 4101 fuerit
2302 4044 2442 4121 ejus

918 4129 1322 4196 ‘conferendi
1368 4130 1618 4210 causa,
1668 4131 1814 4195 dixi
1843 4135 1933 4196 ad
1982 4125 2443 4200 aunum'V.C.

933 4245 1069 4310 937
1094 4273 1113 4303 ,
1164 4228 1234 4289 in
1278 4228 1464 4308 cujus
1506 4229 1737 4290 numia
1769 4240 1994 4292 certae
2031 4228 2197 4291 fidei
2231 4230 2291 4292 is
2309 4232 2442 4313 pri-

928 4341 1154 4401 mum,
1205 4322 1389 4404 quod
1446 4322 1612 4386 mihi
1659 4320 1948 4400 constet,
2019 4322 2439 4387 observatur.

931 4418 1306 4502 Compar-et
1351 4418 1408 4480 is
1447 4417 1671 4479 adhuc
1710 4418 1781 4479 in
1812 4418 2236 4482 numis·anni
2257 4422 2343 4486 V.
2365 4418 2442 4484 C.

2505 1066 2985 1136 marmoribus.

2605 1161 3056 1239 INVICTVS,
3110 1161 3294 1245 quod
3335 1155 3452 1225 fibi
3482 1171 3728 1226 n'omen
3761 1183 3888 1250 per
3918 1181 4024 1225 ar-

2505 1263 2892 1350 rogantiam
2933 1260 3224 1337 indidit,
3273 1277 3492 1342 neque
3544 1256 3714 1323 istud
3766 1259 4038 1336 invide,

2505 1377 2667 1425 nam
2702 1369 2770 1424 et
2796 1345 3243 1420 Februarium
3287 1354 3573 1418 mensem
3615 1356 3685 1418 in
3729 1353 4060 1420 nominis

2506 1455 2707 1539 hujus
2746 1439 3295 1516 communionem
3339 1452 3572 1515 venire
3623 1449 3713 1514 est
3758 1449 4029 1540 passus,

2508 1564 2588 1616 ut
2619 1554 2689 1615 in
2736 1552 2875 1632 ejus
2925 1549 3073 1614 vita
3108 1545 3198 1609 ad
3235 1551 3485 1610 annum
3523 1548 3606 1611 V.
3637 1543 3715 1611 C.
3763 1546 4029 1633 945di·

2507 1648 2756 1714 ximus.
2806 1646 3077 1709 Tamen
3124 1643 3195 1705 in
3238 1643 3461 1706 numis
3492 1655 3629 1707 non
3658 1644 3924 1731 legitur.

2609 1739 3082 1807 HERCVLES
3116 1737 3588 1805 ROMANVS.
3637 1738 3926 1804 Abunde
3943 1737 4044 1801 de

2509 1840 2646 1907 hoc
2709 1837 2911 1902 titulo
2973 1837 3081 1923 egi
3144 1835 3235 1898 ad
3310 1853 3526 1899 annos
3586 1836 3672 1900 V.
3734 1834 3808 1901 C.
3860 1841 4035 1916 944.

2514 1957 2556 2022 9
2607 2025 3389 2094 PATERPATRIAE.
3444 2025 3901 2090 Commodum
3936 2026 4037 2092 ad

2517 2141 2764 2192 annum
2802 2129 2883 2189 V.
2926 2123 2999 2187 C.
3049 2144 3185 2208 930
3225 2124 3411 2185 simul
3458 2119 3817 2205 Augustum
3854 2122 4031 2185 vidi-

2517 2239 2713 2298 mus,
2766 2221 2952 2284 simul
2994 2222 3255 2285 Patrem
3284 2220 3582 2294 Patriae,
3636 2227 3705 2278 et
3750 2217 4032 2301 quidem

2515 2316 2918 2394 imberbem,
2972 2335 3221 2379 annum
3252 2334 3498 2402 nempe
3534 2314 3781 2376 aetatis
3811 2312 4034 2377 XVII.

2517 2427 2869 2502 agentem,
2936 2411 3337 2524 sempiterno
3385 2412 3600 2497 patris
3624 2408 4035 2494 Aureliiop·

2515 2511 2839 2599 probrio,
2892 2527 3009 2591 qui
3017 2501 3341 2582 titulum
3393 2525 3595 2590 quem
3629 2502 3744 2567 [ibi
3774 2502 4036 2567 nonniii

2516 2607 2837 2670 extremis
2900 2599 3171 2689 imperii
3229 2601 3325 2664 sui
3385 2602 3579 2680 annis
3656 2601 4040 2686 applicuit,

2516 2721 2671 2765 cum
2718 2699 2863 2763 filio
2902 2718 3164 2786 puero,
3252 2689 3447 2761 dulce
3524 2697 3659 2760 hoc
3731 2696 4036 2780 elogium

2517 2816 2643 2884 per
2682 2797 3024 2881 cognitam
3057 2799 3201 2878 jam
3235 2806 3379 2857 tum
3433 2794 3642 2858 animi
3694 2791 4044 2858 ferociam

2515 2893 2791 2959 minime
2837 2892 3212 2975 promerito
3259 2890 3807 2952 communicavit.

2612 2985 3074 3051 AMAZONII
3138 2993 3205 3049 et
3286 2980 4047 3050 EXSVPERATORIS

2521 3103 2675 3150 eum
2748 3101 3020 3167 quoque
3088 3081 3391 3145 habuiss'e
3450 3081 3770 3153 nomina,
3817 3076 4048 3143 refert

2517 3182 2698 3264 Dio,
2747 3178 2803 3261 ε)
2855 3178 3106 3243 scilicet
3132 3177 3299 3241 illud
3339 3180 3622 3264 petitum
3687 3171 3774 3238 ab
3823 3175 4045 3238 Ama-

2522 3295 2695 3341 zone
2727 3275 3030 3352 Martia,
3078 3272 3251 3352 hoc,
3306 3275 3490 3358 quod
3546 3287 3780 3335 omnes
3820 3271 4064 3343 homi-0

2521 3391 2641 3447 nes
2679 3370 2881 3456 longe
2920 3364 3283 3456 superaret,
3331 3369 3683 3453 additque,
3731 3366 3815 3430 iis
3857 3368 4046 3432 adeo

2524 3467 2940 3532 delectatum
3002 3463 3498 3550 Commodum,
3552 3476 3669 3543 ut,
3741 3460 3853 3525 etfl
3896 3461 4056 3526 alia.

2525 3564 2700 3629 alias
2737 3562 3134 3647 reponeret,
3208 3561 3314 3626 his
3366 3577 3712 3647 nunquam
3754 3554 4056 3624 abstine-

2525 3672 2651 3724 ret.
2763 3657 3076 3722 Testatur
3130 3658 3611 3746 Lampridius,
3682 3646 3748 3740 ³)
3795 3652 4060 3717 eadem

2524 3757 2673 3844 ipsa
2704 3773 2973 3841 quoque
3017 3751 3152 3838 legi
3191 3755 3259 3818 in
3303 3755 3732 3840 inscriptione
3772 3747 4059 3828 colossi,

2528 3871 2730 3936 quem
2772 3848 3005 3911 ablato
3043 3850 3268 3934 capite
3309 3850 3488 3915 Solis
3534 3855 3743 3928 (non,
3803 3855 3878 3907 ut
3907 3847 4059 3923 ait,

2527 3939 2852 4022 Neronis)
2905 3940 3024 4005 fibi
3062 3945 3666 4030 adcommodavit,
3715 3959 4063 4006 verumn—

2528 4043 2685 4105 iiter
2724 4040 2894 4103 haec
2930 4041 3212 4107 nomina
3271 4045 3624 4120 enunciat,
3692 4035 3864 4101 illud
3923 4057 4068 4104 vo·

2533 4155 2706 4198 cans.
2738 4132 3190 4222 effeminatum,
3244 4157 3485 4223 nempe
3528 4138 3617 4200 ab
3660 4134 4063 4211 Amazone,

2531 4228 2665 4294 hoc
2695 4231 3195 4316 gladiatorium,
3276 4239 3438 4319 quia
3496 4234 3812 4320 superate
3871 4231 4066 4296 alios

2535 4345 2770 4391 omnes
2812 4329 3419 4413 gladiatorum-est.

2634 4422 3096 4492 OLYMPIVS
3164 4426 3411 4492 dicitur
3467 4428 3540 4492 in
3606 4423 3783 4490 binis
3823 4426 4072 4490 numi:

1000 4656 1060 4722 a)
1098 4651 1227 4708 Crit.
1262 4651 1469 4707 Baton.
1506 4648 1582 4708 ad
1615 4667 1750 4705 ann.
1785 4651 1909 4704 Chr.
1955 4663 2070 4724 137.

2264 4656 2324 4725 b)
2359 4608 2502 4735 cah·
2540 4669 2597 4726 8.

2804 4664 2855 4732 c)
2894 4661 2963 4724 L,
2993 4661 3230 4717 LXXII.
3264 4663 3306 4735 5
3331 4681 3412 4735 ²5·
3622 4660 3684 4731 d)
3720 4660 3865 4732 Cap.
3906 4678 4000 4727 ⁸7.
