4242 5459
790 634 795 641 .
840 564 980 637 ³58

841 737 1034 803 cessit
1072 730 1449 820 epigraphe
1467 728 1836 806 ARNASI,
1888 729 2001 792 vel
2039 743 2108 793 ut
2147 731 2214 793 in
2253 751 2374 794 ae-

836 835 982 907 neis
1025 834 1111 895 ΙΙ.
1156 830 1426 894 formae
1460 826 1821 890 ARNAZI.
1876 828 1980 891 Ad
2020 847 2174 891 eam
2193 828 2370 890 Ban-

839 928 1112 1005 durius,
1187 938 1418 988 cetera
1468 921 2126 985 animadversionum
2185 923 2368 986 locu·

837 1026 989 1111 ples
1015 1070 1035 1102 ,
1088 1020 1276 1085 velut
1315 1018 1404 1081 ad
1442 1038 1586 1080 rem
1627 1019 1693 1079 in
1716 1019 1956 1102 vulgus
1997 1019 2367 1102 cognitam,

1760 542 1773 555 “
1860 522 2899 626 J'TREBONIANVS.

3199 728 3230 762 Ο

3331 820 3342 829 “
3376 776 3414 813 ὑ

2743 826 2980 891 Amica
3016 781 3223 891 ὖανίᾰ.
3351 898 3362 903 ,

2453 920 2826 986 lvNole
2852 919 3333 985 MARTIALL
3411 917 3722 1004 stmplum
3757 928 3984 987 rotun·

2452 1019 2637 1097 dam,
2688 1020 2862 1083 intra
2898 1018 3062 1104 quod
3109 1019 3224 1081 dea
3244 1014 3461 1103 sedens
3495 1016 3555 1079 d.
3590 1014 3700 1101 foa
3899 1040 3985 1095 m,

843 1118 1206 1184 obmutuit.
1254 1115 1646 1177 Harduinus
1680 1116 1749 1175 in
1792 1119 1931 1199 ejus
1968 1114 2366 1200 explicatio·
2431 1117 2495 1203 s.
2529 1113 2777 1201 hastam.
2849 1114 2986 1178 AE.
3041 1134 3129 1177 m.
3194 1132 3284 1174 m.
3347 1124 3413 1174 et
3462 1111 3600 1176 AE.
3658 1113 3713 1176 1.
3771 1112 3983 1196 (Mus.

841 1235 927 1279 ne
976 1226 1211 1278 vetere
1251 1210 1368 1272 suo
1417 1229 1605 1271 more
1652 1208 1720 1271 in
1771 1229 1983 1293 nugas
2019 1222 2085 1272 et
2127 1208 2371 1272 deliria

845 1308 1012 1375 abit.
1055 1306 1120 1390 ⁸)
1185 1308 1411 1370 Vnum
1452 1323 1611 1389 ergo
1654 1305 2085 1369 Pellerinium
2135 1305 2370 1368 audire

838 1406 1090 1490 juverit
1134 1404 1623 1483 conjectantem
1656 1447 1675 1476 ‚
1748 1400 2105 1464 vocabulis
2163 1399 2370 1462 ARN.

846 1500 1012 1565 ASI.
1051 1496 1336 1580 intelligi
1398 1497 1534 1559 duo
1572 1496 1898 1560 Vmbriae
1947 1496 2211 1582 oppida
2239 1494 2372 1561 Ar·

845 1615 993 1660 nam
1018 1642 1037 1674 ,
1094 1593 1455 1681 etAstfium,
1509 1611 1685 1673 quae
1720 1593 2036 1656 videntur
2070 1612 2371 1655 commu·

2456 1206 2680 1291 Caes.)
2733 1211 2813 1274 In
2851 1209 3151 1274 nonnullis
3200 1208 3399 1294 adstat
3434 1227 3625 1291 pavo.
3685 1208 3833 1272 AR.
3900 1209 3988 1274 In

2455 1308 2664 1372 aeneis
2699 1325 2870 1370 max.
2907 1308 3070 1370 mad.
3102 1303 3240 1369 hinc
3271 1313 3331 1367 et
3359 1302 3518 1368 illinc
3547 1314 3737 1389 caput
3774 1302 3984 1370 bovis.

2457 1401 2662 1487 (Mus.
2708 1400 2901 1466 Caes.
2949 1396 3312 1482 Banduri.)

2671 1548 2682 1557 .
2750 1502 2981 1563 Amica
3026 1500 3235 1562 varia.

2455 1594 2702 1659 IVNO.
2734 1592 3266 1657 MARTIALIS.
3317 1590 3458 1657 Dea
3479 1589 3695 1679 fidens
3728 1588 3790 1653 d.
3820 1589 3985 1673 for·

841 1693 913 1755 ni
938 1692 1200 1775 sumptu
1242 1687 1578 1772 Apollinis
1604 1687 1852 1773 [ignum
1886 1691 1955 1751 in
1988 1690 2145 1751 loco
2185 1686 2369 1749 edito
2435 1689 2691 1781 ficulam
2718 1737 2736 1765 ‚
2769 1689 3103 1777 sthastam.
3154 1689 3241 1753 In
3276 1688 3481 1775 aliiisi
3511 1686 3781 1774 globum.
3825 1684 3982 1749 ΔΕ.

848 1801 915 1851 et
943 1788 1080 1851 late
1127 1783 1487 1868 conspicuo
1528 1783 1802 1845 erexisse
1824 1803 1909 1846 ea
1948 1779 2371 1867 tempestate,
2459 1787 2510 1849 Ι.
2554 1785 2765 1869 (Mus.
2810 1784 3024 1861 Caes.)

849 1903 985 1970 qua
1021 1886 1161 1965 ejus
1198 1880 1307 1943 dei
1359 1877 1687 1941 auxilium
1740 1891 2021 1963 propter
2069 1874 2371 1963 pestilen-

847 1981 987 2043 tiae
1024 1974 1323 2040 furorem
1362 1975 1658 2037 maxime
1694 1987 1842 2038 erat
1872 1960 2370 2060 exoptatum.¹’)

849 2080 940 2140 At
970 2077 1150 2136 enim
1194 2069 1431 2154 quaeri
1479 2067 1693 2154 potest
1725 2120 1745 2147 ,
1814 2069 2017 2134 sintne
2069 2069 2142 2131 hi
2188 2070 2371 2131 numi

849 2169 1144 2257 percussi
1172 2169 1437 2229 Romae
1456 2211 1476 2243 ,
1531 2186 1615 2229 an
1648 2166 1716 2229 in
1745 2166 1897 2253 ipsis
1921 2167 2025 2230 his
2049 2165 2323 2252 oppidis
2343 2166 2373 2227 ’ἓ

848 2268 957 2331 De
1012 2262 1294 2328 officina
1351 2264 1731 2326 monetaria
1794 2266 1861 2325 in
1929 2263 2134 2329 ltalia
2179 2273 2374 2324 extra

851 2362 1086 2426 urbem
1133 2370 1358 2422 aetate
1392 2360 1882 2442 imperatorum
1918 2380 2052 2422 non
2093 2354 2375 2423 constat.

849 2459 927 2523 In
976 2454 1138 2521 urbe
1185 2454 1223 2517 fi
1270 2454 1500 2539 [ignati
1543 2454 1783 2531 essent,
1837 2475 1969 2518 non
2010 2456 2216 2518 credo
2258 2452 2375 2515 ab·

853 2554 1013 2618 esset
1051 2563 1215 2615 nota
1263 2550 1333 2615 S.
1370 2548 1449 2614 C.
1484 2549 1715 2614 saltem
1754 2553 1820 2613 in
1861 2552 2092 2615 aeneis
2129 2550 2215 2615 11.
2238 2546 2377 2611 for·

854 2671 1035 2716 mae.
1091 2648 1282 2714 Haec
1322 2644 1642 2709 adversus
1664 2645 2211 2731 viripraestantis
2237 2644 2377 2708 sen-

850 2748 1136 2808 tentiam
1168 2760 1445 2806 movere
1467 2738 1712 2818 facile,
1766 2757 1837 2806 at
1867 2741 2186 2823 difficile,
2236 2760 2377 2803 me·

849 2843 982 2905 lius
1007 2840 1375 2922 quidquam
1403 2848 1468 2899 et
1498 2837 1859 2900 valiturum
1897 2836 2191 2902 adferre.
2240 2837 2377 2900 Eos

842 2938 923 2997 in
976 2934 1399 2996 coloniarum
1458 2935 1677 2994 numis
1746 2934 2044 2996 habuere
2109 2934 2378 2997 Medio·

852 3029 1155 3103 barbus,
1210 3048 1544 3111 eumque,
1602 3016 1687 3091 ¹ut
1730 3030 2048 3107 videtur,
2117 3030 2377 3092 secutus

853 3138 1096 3192 auctor
1143 3123 1344 3186 musei
1377 3125 1743 3209 Theupoli.
1810 3126 2062 3188 Verum
2107 3136 2176 3188 et
2210 3123 2377 3188 istud

846 3228 1205 3288 incertum.
1290 3221 1606 3301 Ejusdem
1661 3222 1944 3286 rationis
2000 3223 2145 3285 sunt
2194 3222 2380 3282 numi

853 3319 1070 3385 Getae
1106 3316 1400 3403 inscripti
1438 3315 1638 3383 STA.
1671 3319 1875 3383 BOV.
1929 3319 2147 3402 Hujus
2182 3334 2375 3401 gene-

847 3414 948 3482 ris
984 3416 1169 3480 numi
1209 3418 1341 3496 jam
1382 3413 1606 3496 plures
1636 3462 1655 3491 ‚
1707 3427 1785 3477 ut
1818 3413 2139 3488 vidimus,
2196 3432 2378 3475 com-

850 3515 1027 3600 perti
1072 3514 1257 3588 sunt,
1311 3524 1383 3575 at
1424 3509 1769 3573 Volusiani
1825 3511 2093 3572 unicum
2150 3508 2380 3573 hacte-

849 3631 976 3672 nus
1022 3611 1367 3694 cognitum
1440 3609 1643 3684 novi,
1698 3626 1895 3689 quem
1962 3606 2125 3668 olim
2196 3605 2382 3668 edidi

855 3724 943 3767 ex
977 3703 1209 3787 insigni
1258 3702 1483 3766 museo
1522 3704 1619 3768 ill.
1666 3723 1842 3767 com.
1892 3702 1975 3765 de
2018 3701 2270 3767 Vitzai.
2316 3700 2376 3782 ι“)

1602 3796 1633 3827 ἢ

1782 3852 1816 3885 ἡ

1423 3850 1461 3884 ἢ

1152 3893 1246 3958 Vt
1279 3893 1373 3957 tit.
1426 3895 1514 3961 B.

848 3988 1222 4054 DIANAE.
1273 3988 1615 4053 VICTRI.
1688 3989 1902 4056 Dt‘ana
1953 3994 2256 4059 venatrix
2312 3991 2379 4057 d.

852 4086 1075 4160 telum,
1109 4083 1168 4171 s.
1225 4103 1483 4150 arcum:
1512 4085 1666 4148 AR„
1712 4084 1993 4170 (Band.)

949 4183 1181 4246 Diana
1215 4180 1480 4241 Victrix
1515 4200 1688 4244 nunc
1743 4186 2034 4281 primum
2062 4184 2128 4246 in
2164 4182 2384 4245 numia

854 4276 1173 4344 occurrit.
1223 4273 1441 4349 Vide,
1494 4294 1669 4357 quae
1723 4279 1789 4339 in
1849 4280 2236 4341 Aemiliano
2292 4279 2384 4340 ad

852 4373 1134 4438 fimssem
1167 4369 1473 4434 aversam
1517 4371 1834 4434 monebo.

923 4544 983 4608 a)
1022 4540 1189 4595 Num.
1217 4558 1354 4614 pop,
1388 4559 1443 4601 et
1482 4535 1603 4599 urb,
1636 4555 1692 4609 p.
1739 4553 1853 4604 ¹¹3·

855 4611 1011 4670 deor.
1047 4610 1113 4665 1..
1150 4611 1231 4671 11.
1269 4630 1315 4667 c.
1351 4619 1451 4675 26,
1588 4610 1640 4676 e)
1680 4606 1850 4672 Tom,
1887 4607 1961 4662 11.
2000 4625 2057 4680 p.
2092 4610 2218 4672 663,

2026 4539 2083 4602 b)
2123 4539 2253 4592 Ree.
2285 4542 2393 4599 111.
2424 4560 2486 4615 p.
2527 4545 2653 4603 Lu.

2553 1881 2750 1944 Haec
2776 1881 3011 1945 aversa
3061 1879 3174 1943 sub
3202 1877 3642 1944 Treboniano
3683 1889 3840 1941 orta
3865 1876 3988 1957 est,

2457 1997 2608 2041 cum
2645 1978 2888 2039 eodem
2937 1978 3227 2052 occidit,
3284 1995 3568 2061 cumque
3615 1994 3701 2038 ea
3740 1973 3813 2035 in
3854 1992 3966 2036 co·

2458 2063 2659 2158 piofis
2707 2075 2848 2152 ejus
2897 2092 2980 2136 ac
3029 2070 3374 2134 Volufiani
3426 2073 3687 2146 numia,
3755 2070 3980 2152 iisque

2457 2169 2743 2231 maximi
2782 2170 2989 2231 etiam
3025 2167 3309 2245 moduli,
3343 2169 3408 2230 et
3446 2168 3672 2253 operis
3696 2184 3822 2250 pro
3848 2166 3985 2228 hoc

2456 2284 2633 2328 aevo
2667 2264 2990 2349 elegantis
3014 2264 3429 2347 reperiatur,
3478 2260 3844 2327 verifimile
3880 2261 3988 2321 vi·

2458 2361 2691 2438 detur,
2747 2380 2897 2422 eam
2933 2360 3019 2423 ad
3057 2360 3238 2421 idem
3288 2379 3440 2422 cum
3481 2357 3830 2443 prioribus
3873 2375 3990 2419 ar·

2464 2469 2852 2540 gumentum
2888 2456 3263 2541 pertinere,
3315 2458 3628 2517 nimirum
3660 2453 3753 2515 ad
3787 2472 3985 2517 com·

2462 2572 2663 2615 mune
2693 2550 2889 2634 hujus
2926 2549 3340 2637 tempestat-is
3368 2552 3622 2614 malum
3668 2547 3978 2632 pestilenae

2455 2649 2673 2724 tiam,
2723 2648 2814 2710 ad
2856 2667 3065 2732 quam
3101 2646 3575 2732 depellendam
3633 2646 3978 2730 principes

2463 2740 2668 2807 nostri
2696 2746 2997 2807 omnium
3037 2745 3389 2807 nominum
3424 2745 3587 2807 deos
3622 2760 3859 2806 omnes
3877 2741 3980 2802 vi-

2466 2839 2686 2903 ctimis
2736 2858 2820 2901 ac
2860 2839 3174 2925 precibus
3216 2860 3302 2901 ex
3349 2840 3653 2925 Olympo
3706 2838 3980 2901 excive-

2465 2956 2564 3000 r-e.
2619 2936 3026 3021 Opportuna
3063 2947 3208 2998 tum
3247 2936 3336 2998 ad
3370 2933 3722 2999 ferendam
3777 2951 3996 3017 opem

2466 3032 2684 3095 videri
2748 3032 2918 3095 Iuno
2971 3031 3233 3117 potuit,
3313 3033 3498 3114 quod
3547 3030 3706 3095 tefle
3745 3028 3996 3092 Tullio

2466 3147 2578 3192 aer
2616 3128 2973 3212 interjectus
3010 3130 3179 3194 inter
3210 3147 3385 3196 mare
3434 3137 3492 3216 e}
3527 3128 3753 3193 coelum
3795 3126 3988 3190 lm·

2464 3226 2568 3288 nis
2614 3227 2856 3288 nomine
2897 3227 3311 3311 constet-atur,
3365 3215 3429 3306 ἆ)
3482 3226 3596 3309 qui
3656 3236 3804 3285 tum
3851 3233 3988 3283 tra-

2468 3332 2580 3383 cto
2618 3322 2788 3384 vitio
2828 3319 3107 3407 stragem
3143 3319 3546 3387 mortalibus
3567 3320 3801 3383 attulit
3828 3366 3851 3394 ‚
3891 3326 3989 3379 at-

2471 3408 2601 3501 que
2631 3418 2813 3480 idem
2855 3437 3020 3480 mox
3061 3418 3278 3483 infra:
3313 3415 3429 3503 sed
3463 3418 3762 3482 quenta·
3814 3436 3853 3480 a
3887 3417 3991 3495 iu-

2470 3513 2700 3576 vando
2734 3512 2911 3577 credo
2945 3516 3349 3580 nominatam.
3424 3513 3536 3575 Sic
3589 3525 3658 3575 et
3697 3512 3998 3575 eandem

2471 3609 2724 3672 dictam
2786 3608 2976 3672 faiffe
3038 3610 3350 3698 Sospitam
3406 3628 3456 3672 a
3495 3606 3771 3672 Graeco
3805 3600 3997 3680 σωζω

2471 3716 2784 3769 autumat
2824 3705 2878 3767 F
2885 3703 3075 3772 estus.
3160 3707 3355 3790 Quae
3405 3707 3613 3770 modo
3651 3705 4000 3781 dixeram,

2475 3803 2739 3887 eg‘regie
2804 3794 3165 3869 confirmat
3217 3803 3507 3890 lignum,
3580 3800 3772 3885 quoda
3817 3800 3998 3862 luno

2473 3898 2759 3965 dextera
2796 3908 2998 3962 tenet.
3073 3899 3250 3964 Illud
3303 3904 3442 3982 jam
3502 3895 3852 3962 Tristanus
3911 3916 4008 3960 ex

2475 3997 2721 4069 numis,
2776 4014 2947 4076 quos
2972 3996 3264 4078 viderat,
3297 3994 3689 4060 forficulam
3721 3989 3997 4073 dfxits)

2471 4089 2575 4152 Eo
2615 4087 3011 4174 posteriores
3041 4092 3346 4178 plerique
3407 4092 3523 4155 alii
3564 4091 3827 4175 spicas,
3875 4088 4014 4153 alii

2474 4203 2739 4247 ramum
2789 4189 3350 4268 pronunciavere.
3441 4188 3593 4251 'Sed
3637 4183 4006 4272 postquam

2474 4278 2776 4343 secundis
2811 4284 2987 4347 curis
3038 4304 3278 4349 numos
3321 4285 3792 4368 integerrimos
3839 4301 4006 4343 mu-

2473 4375 2562 4436 sei
2599 4373 2911 4441 Caesarei
2961 4382 3481 4457 contenderam,
3534 4378 3832 4463 cogebar
3875 4378 4012 4439 ad-

2845 4552 2899 4618 e)
2938 4549 3121 4612 Num„
3145 4561 3252 4608 vet.
3289 4567 3347 4625 Β.
3384 4562 3510 4619 3ι4.
3668 4545 3729 4616 δ)
3775 4544 3848 4601 de
3887 4561 4018 4601 m
