4242 5459
841 575 975 636 292

828 745 904 812 In
941 743 1288 809 ultionem.
1331 742 1547 808 ruenti
1603 727 1853 806 obstitit
1877 741 2216 828 Aquileia,
2252 745 2343 809 ad

831 864 1034 927 quam
1069 843 1501 927 pertinaciter
1540 841 1662 902 sese
1682 837 2154 904 defendentem
2181 844 2340 904 dum

825 941 1091 1022 longius
1141 939 1512 1016 adhaeret,
1583 956 1626 1026 a
1679 935 2001 999 militibus
2065 951 2344 1021 propter

823 1034 1133 1099 crudeles
1166 1053 1388 1096 mores
1428 1045 1493 1093 et
1530 1052 1838 1094 annonae
1881 1034 2233 1115 penuriam
2270 1033 2340 1095 fi·

827 1132 896 1194 bi
945 1133 1137 1193 iratis
1176 1151 1311 1192 una
1356 1148 1506 1192 cum
1539 1127 1680 1190 filio
1725 1129 2036 1190 Maximo
2087 1130 2336 1192 occidi·

824 1241 950 1291 tur.
1007 1226 1143 1289 Cur
1179 1226 1413 1288 omnia
1457 1224 1626 1286 haec
1658 1220 1846 1285 facta
1873 1235 2110 1286 contra
2145 1226 2335 1286 chro-

821 1324 1228 1407 nologorum
1277 1322 1577 1384 omnium
1609 1318 2001 1381 sententiam
2043 1320 2111 1381 in
2164 1320 2337 1382 hunc

793 1440 1072 1483 nannum
1144 1410 1594 1501 conjecerim,
1674 1412 1855 1478 infra
1913 1416 2091 1479 ratio
2135 1436 2344 1501 expe·

823 1517 1064 1578 dietur.

918 1612 1132 1692 Hujus
1175 1613 1493 1697 principis
1531 1626 1753 1670 mores
1792 1608 2007 1693 magis
2060 1628 2147 1671 ex
2201 1607 2336 1670 bel·

816 1708 999 1782 luae,
1027 1728 1256 1788 ,quam
1293 1706 1585 1770 hominis
1613 1705 1882 1787 ingenio
1918 1703 2130 1767 fuere.
2188 1704 2334 1767 Iam

813 1801 981 1865 istud
1021 1824 1104 1865 ex
1137 1801 1512 1866 belluarum
1562 1820 1793 1876 more,
1848 1801 2032 1884 quod
2088 1801 2336 1862 monti-

812 1898 942 1960 bus
981 1900 1337 1961 innutritus
1377 1897 1614 1984 perdiu
1646 1898 1835 1957 ‘intra
1856 1897 2026 1959 haec
2046 1894 2334 1958 latibula

815 1996 1029 2056 vitam
1052 2008 1324 2080 egerat,
1378 2008 1743 2079 antequam
1792 1994 1861 2054 in
1908 1993 2066 2056 loca
2101 1991 2331 2076 plana,

815 2090 1129 2173 cultaque
1198 2104 1591 2178 emergeret.
1686 2087 1922 2172 Neque
1986 2108 2151 2152 vero
2212 2108 2334 2173 per

814 2187 1122 2270 corporis
1165 2188 1413 2251 molem
1445 2236 1465 2265 ,
1518 2199 1583 2248 et
1618 2186 1863 2248 virium
1906 2184 2333 2248 incredibilia

811 2285 1279 2365 experimenta
1305 2283 1599 2345 belluam
1639 2278 1724 2343 est
1757 2280 2117 2356 inficiatuS,
2158 2299 2333 2362 quae

808 2388 1044 2440 tantae
1085 2377 1313 2455 fuere,
1365 2391 1438 2441 ut
1493 2379 1698 2461 vulgo
1751 2377 1923 2440 Milo
1971 2376 2327 2440 Crotonia-

809 2483 950 2554 te5‚
1008 2474 1362 2549 Hercules»,
1403 2480 1701 2538 Antaeus
1737 2486 2123 2547 vocaretur,
2161 2492 2328 2552 quas

809 2588 947 2632 non
985 2590 1141 2632 raro
1181 2571 1247 2633 in
1288 2572 1397 2633 die
1430 2572 1572 2634 vini
1603 2568 1996 2652 Capitolina
2040 2567 2328 2648 ampho-

733 2665 742 2671 “
806 2684 926 2740 ra,
981 2678 1049 2727 et
1082 2666 1431 2751 sexaginta
1492 2665 1680 2727 libris
1742 2666 1962 2726 carnis
2023 2659 2327 2723 sustenta-

802 2762 928 2823 vit.
985 2758 1051 2839 ⁸)
1149 2764 1370 2841 Atque
1445 2760 1579 2822 hoc
1633 2759 1939 2840 corporis
1979 2757 2073 2817 sui
2118 2757 2325 2819 modo

763 2874 960 2915 -cum
1000 2855 1068 2914 in
1102 2854 1304 2915 risum
1359 2875 1575 2937 aeque
1622 2856 2024 2936 jocumque,
2102 2870 2185 2913 ac
2233 2852 2328 2916 sui

700 3003 709 3013 .
803 2947 1468 3011 commendationem
1510 2960 1840 3023 uteretur,
1914 2947 2107 3009 brevi
2166 2946 2324 3009 effe·

1921 536 2717 637 MAXIMINVS
2806 547 2868 622 Ι.

2428 763 2700 810 munem
2767 743 2952 812 orbiS
3014 750 3404 839 opinionem
3472 762 3742 825 vexatis
3794 783 3955 851 pro·

2431 855 2578 924 pter
2615 841 3075 911 inexhaustam
3110 850 3551 935 cupiditatem
3602 863 3947 940 provinci-

2428 938 2483 1000 is
2509 986 2527 1012 ,
2580 940 2783 1003 caelis
2809 943 2992 1004 nullo
3034 947 3450 1026 discrimine,
3505 971 3793 1036 quorum
3826 973 3949 1024 aut

2428 1033 2787 1118 suspectior
2828 1036 3035 1115 fides,
3092 1056 3209 1104 aut
3261 1046 3575 1130 pinguior
3627 1049 3947 1133 fortuna,

2426 1143 2543 1191 aut
2583 1133 2824 1212 quibus
2865 1135 3219 1216 primaeva
3252 1140 3365 1204 sua
3401 1145 3791 1234 ignobilitas
3836 1170 3949 1214 co—

2403 1228 2610 1308 ,gnita
2640 1225 2892 1308 fuisset,
2948 1233 3403 1299 nimirum.cui
3439 1242 3813 1322 persuasum
3840 1247 3945 1310 fu-

2425 1334 2595 1398 erat,
2650 1336 2729 1385 ut·
2756 1327 3078 1408 professus
3110 1329 3194 1391 est
3233 1332 3369 1414 ipse
3394 1337 3789 1422 ‚imperium
3827 1345 3949 1406 nisi

2425 1418 2825 1483 crudelitate
2852 1426 3065 1488 teneri
3086 1446 3216 1488 non
3244 1429 3424 1512 poss'e
3444 1455 3460 1504 ;
3484 1453 3618 1516 quo
3653 1434 3944 1516 factum,

2426 1525 2539 1591 ut,
2593 1535 2768 1596 quae
2798 1520 3143 1584 dirissima
3187 1536 3380 1587 vetus
3421 1546 3661 1592 aevum
3697 1532 3947 1598 habuit

2424 1611 2740 1690 nomina,
2796 1613 3159 1700 CyclopiS,
3211 1619 3564 1702 Bufiridis‚
3630 1627 3940 1692 Phalari·

2421 1706 2566 1781 dis,
2621 1705 2733 1768 fibi
2780 1727 3299 1794 promereretur.
3352 1722 3446 1782 At
3467 1737 3791 1803 nunquam
3828 1726 3942 1788 lu·-

2420 1799 2750 1865 culentior
2808 1805 3039 1873 bellua
3089 1815 3456 1894 apparuit,
3527 1838 3726 1901 quam
3776 1835 3947 1886 tum

2416 1895 2674 1959 factum
2710 1901 2792 1962 de
2829 1903 2890 1964 se
2928 1904 3564 1974 senatusconsultum
3627 1919 3944 2000 accepit,

2422 2011 2557 2074 quo
2602 1992 2803 2060 hostis
2840 2000 3107 2084 imperii
3135 2005 3475 2082 judicatus
3516 2007 3626 2072 est.
3694 2011 3943 2077 Illififfe

2418 2100 2561 2151 tum
2597 2105 2801 2175 caput
2837 2098 3123 2178 parieti,
3178 2119 3658 2188 nonnunquam
3698 2108 3766 2170 in
3801 2121 3948 2171 ter·-

2417 2204 2566 2260 ram
2624 2186 2683 2247 se
2745 2190 3094 2273 abjecisse,
3180 2194 3510 2264 clamall'e'
3542 2202 3944 2283 incondite,

2420 2281 2799 2370 conscidisse
2868 2286 3113 2350 vestem
3167 2293 3460 2375 regiam,
3549 2301 3945 2381 proximum

2419 2396 2753 2461 quemque
2792 2385 3119 2468 excepiss'e
3178 2386 3617 2471 verberibus,
3698 2407 3947 2459 auctor

2419 2471 2505 2533 est
2544 2472 2990 2559 Capitolinus.
3033 2469 3096 2561 b)
3151 2481 3381 2563 Quare
3429 2508 3581 2550 cum
3621 2490 3778 2553 urbs
3820 2511 3942 2554 ex·

2414 2579 2630 2630 trema
2683 2591 2991 2655 quaeque
3030 2576 3118 2639 ab
3158 2580 3427 2644 irritata
3462 2584 3593 2648 hac
3636 2584 3818 2649 furia
3855 2590 3939 2650 ti-

2418 2675 2672 2741 meret,
2729 2668 2947 2732 nullus
2987 2692 3283 2754 unquam
3340 2681 3621 2743 nuncius
3675 2686 3937 2764 majore

2412 2758 2665 2839 gaudio
2721 2782 2805 2824 ac
2870 2767 3326 2847 gratulatione
3388 2788 3709 2861 acceptus
3795 2776 3934 2857 est,

2414 2872 2615 2934 quam
2655 2859 2767 2938 qui
2825 2861 3086 2925 caesum
3130 2877 3495 2947 tyrannum
3545 2875 3940 2959 promulga-

2412 2947 2533 3025 vit,
2570 2955 2755 3029 cujus
2774 2953 2977 3019 fidem
3008 2961 3300 3042 primum
3321 2967 3713 3052 ambiguam
3736 2971 3936 3055 paur-

802 3044 934 3120 cit‚
987 3052 1061 3105 ut
1101 3061 1235 3104 non
1278 3045 1485 3106 modo
1525 3043 1852 3128 gratiosus
1908 3044 2092 3127 apud
2142 3043 2320 3127 prin-
2406 3042 2477 3105 lo
2512 3045 2656 3138 post
2708 3054 3192 3135 comprobavit
3224 3060 3529 3125 adlatum
3556 3066 3937 3151 utriusque,

800 3138 1029 3223 cipes,
1127 3150 1194 3200 et
1245 3139 1802 3218 contubernales,
1875 3140 1987 3203 sed
2038 3151 2319 3224 propter
2406 3141 2620 3223 patris
2657 3163 2739 3207 ac
2766 3145 2926 3224 filii,
2982 3166 3221 3234 caput,
3278 3160 3465 3240 quod
3505 3159 3938 3243 aliquamdiu
4008 3211 4027 3225 .

696 3213 711 3240 ⁸
796 3232 1268 3298 fortitudinem
1337 3236 1517 3300 utilis
1587 3237 1797 3298 etiam
1869 3237 2034 3320 reip.
2115 3234 2313 3320 esset,
2404 3235 2672 3318 publice
2703 3245 3159 3328 propolitum,
3230 3251 3507 3318 subinde
3549 3256 3617 3319 in
3674 3275 3932 3344 campo

795 3327 1123 3417 fieretque
1157 3333 1371 3396 indies
1400 3333 1467 3396 in
1502 3352 1573 3395 re
1611 3332 1890 3395 militari
1930 3333 2145 3417 magis
2170 3331 2314 3413 spe·
2400 3331 2659 3396 Martio
2720 3337 3073 3403 insultante
3146 3349 3403 3431 populo
3457 3348 3756 3417 flammis
3809 3373 3935 3420 ex.

793 3426 1089 3494 erabilis.
1141 3430 1410 3492 Tamen
1451 3429 1623 3493 haec
1666 3426 1989 3505 ferenda,
2059 3431 2312 3514 partim
2400 3424 2609 3490 ustum
2644 3429 2752 3495 est.
2794 3440 2844 3510 ⁰)

793 3525 1000 3588 etiam
1040 3524 1390 3588 laudanda
1443 3523 1751 3600 fuissent,
1806 3523 1920 3586 nili
1974 3524 2311 3587 membro·

789 3638 940 3680 rum
980 3618 1217 3696 {feritas
1256 3622 1321 3683 in
1354 3642 1577 3684 mores
1623 3623 1830 3683 etiam
1877 3620 2305 3685 transivisset.
2360 3685 2364 3689 .

793 3711 1020 3792 Quam
1060 3716 1173 3776 ille
1221 3718 1522 3799 ingratus
1561 3719 1628 3780 in
1671 3716 2130 3780 Alexandrum
2188 3714 2305 3779 sibi

790 3805 1212 3886 beneficum,
1295 3830 1404 3874 xac
1466 3810 1755 3874 crudelis
1804 3810 2051 3890 fuerit,
2107 3812 2306 3895 supra
2406 3819 2415 3834 ²

789 3902 1241 3985 exposuimus,
1299 3907 1470 3968 Mox
1500 3906 1763 3984 audito,
1815 3908 2172 3994 imperium
2216 3909 2303 3972 ab

2497 3525 2692 3589 onr
2726 3529 3000 3598 Paulina
3023 3580 3042 3609 ,
3097 3536 3180 3597 de
3212 3558 3347 3622 qua
3383 3540 3599 3606 infra-⁴

3154 3687 3184 3719 8

2971 3739 3001 3772 ἢ
3332 3746 3363 3780 ἡ

2690 3769 3279 3896 ΜΑΧῙΜῙΝἾΒ..
3355 3833 3576 3900 PIVS.

2688 3913 2967 3985 GERM.
3022 3922 3223 4006 Caput
3259 3925 3619 3997 laureatum.

3709 3835 3940 3908 AVG.

792 4017 875 4060 eo
925 3995 1112 4061 fuiss'e
1143 4013 1588 4087 occupatum,
1643 4013 1835 4067 tanta
1859 4006 2123 4068 Romae
2151 4025 2303 4088 pro·
2394 4007 2472 4077 P.
2510 4008 2609 4072 M.
2651 4011 2800 4075 TR.
2835 4015 2905 4078 P.
2944 4015 3096 4081 1111.
3133 4018 3324 4086 COS.
3374 4027 3446 4089 P.
3494 4029 3567 4090 P.
3630 4030 3942 4113 Impera-

789 4106 941 4178 pter
980 4096 1322 4179 cognitam
1365 4100 1502 4178 ejus
1545 4096 1888 4164 feritatem
1929 4100 2304 4186 trepidatio
2393 4113 2501 4169 tor
2532 4105 2886 4189 paludatus
2924 4115 3111 4198 stans
3153 4118 3318 4184 inter
3357 4122 3528 4206 ligna
3578 4126 3939 4197 militaria.-

789 4189 958 4266 fuit,
1013 4203 1085 4253 ut
1126 4192 1369 4275 passim
1414 4206 1580 4258 vota
1642 4196 1707 4257 in
1755 4195 2025 4277 templis
2083 4199 2306 4260 conci·
2394 4200 2473 4262 In
2514 4205 2698 4265 omni
2738 4208 3018 4272 metallo
3061 4223 3127 4275 et
3160 4211 3412 4281 forma.

787 4299 1145 4370 petentur,
1199 4307 1281 4351 ne
1315 4288 1547 4353 urbem
1580 4310 1876 4373 unquam
1911 4289 2077 4356 istud
2121 4312 2308 4357 mon-

793 4378 991 4443 strum
1030 4386 1310 4452 videret.
1360 4386 1598 4470 Neque
1634 4383 1981 4449 frustratus
2017 4385 2104 4451 est
2133 4409 2313 4453 com-

2682 4301 3238 4374 MAermvs
3279 4312 3419 4380 ET.
3461 4318 3941 4388 MAXIMVS.

2690 4396 3671 4481 AvcvsT1.GERMAN101.
3736 4416 3941 4503 apa

811 4522 3947 4584 -----·--———--—-——————------.

865 4597 920 4661 a)
964 4596 1270 4668 Capitolia,
1308 4613 1354 4649 c.
1395 4611 1449 4662 ⁴·
1643 4595 1709 4663 b)
1747 4594 1886 4668 Cap.
1932 4616 2010 4664 ¹7·

2206 4602 2259 4670 c)
2296 4604 2593 4675 Capitolia.
2635 4608 2694 4660 in
2733 4608 2987 4666 Maximo
3027 4631 3073 4665 c.
3108 4633 3165 4685 5.
