4242 5459
1419 552 2171 638 ELAGABAL
2212 558 2385 637 VS.

330 764 495 833 tutis
527 763 891 855 specimina
930 758 1356 852 oportuisset,
1408 782 1493 830 ea
1539 764 1857 833 continuo

338 868 532 930 ausus
573 858 700 941 est,
753 880 932 949 quae
964 865 1171 926 licere
1217 862 1333 926 fibi
1377 863 1590 942 alter,
1641 866 1854 947 impe·

332 965 419 1026 rii
458 975 581 1047 pet·
620 962 885 1024 natales
962 960 1196 1035 berea,
1265 959 1551 1043 prolatis
1603 961 1854 1022 virtute

336 1057 622 1135 finibuS,
676 1060 938 1120 munita
990 1048 1390 1119 Caesaribus
1452 1057 1662 1119 domo
1716 1071 1849 1118 non

333 1153 644 1238 putasset.
700 1154 944 1233 Mitto,
1000 1172 1175 1238 quae
1209 1151 1297 1215 ab
1348 1172 1434 1216 eo
1490 1152 1851 1231 crudeliter

335 1262 403 1319 et
437 1264 686 1327 avare,
739 1252 1053 1312 nimirum
1096 1262 1171 1313 ut
1196 1248 1440 1311 insanis
1480 1246 1849 1333 sumptibus

331 1347 672 1411 aerarium
732 1346 1107 1422 sufficeret,
1178 1349 1246 1409 in
1304 1346 1556 1408 civium
1630 1346 1845 1407 vitam

334 1460 422 1504 ac
471 1434 772 1505 fortunas
818 1442 1099 1505 decreta
1149 1441 1326 1515 sunu
1382 1442 1576 1503 mitto
1612 1443 1844 1516 etiam,

327 1554 513 1622 quae
558 1556 675 1620 per
706 1541 1075 1601 amentiam
1125 1537 1519 1623 singularem
1547 1580 1566 1614 ‚
1619 1558 1701 1601 ac
1727 1535 1843 1598 stu·

321 1652 564 1718 potem
604 1633 1109 1709 incredibilem;
1176 1646 1289 1711 ut,
1335 1652 1493 1696 cum
1554 1652 1841 1697 coenam

215 1720 224 1733 ’
319 1728 443 1791 fibi
482 1750 564 1791 ex
609 1744 998 1813 pavonum,
1053 1742 1118 1793 et
1149 1730 1576 1793 lusciniarum
1595 1730 1839 1815 linguis

317 1828 637 1908 paravit,
717 1825 948 1890 leones
1002 1826 1297 1912 psittacis
1375 1837 1447 1888 et
1495 1825 1838 1910 phasianis

320 1925 562 2003 pavit,
647 1919 984 1985 interdum
1059 1920 1309 1985 nonnisi
1369 1921 1646 2002 calvos,
1720 1933 1839 1986 aut

317 2015 579 2094 luscoS,
654 2029 773 2079 aut
825 2019 1281 2103 podagr0105‚
1375 2031 1493 2081 aut
1561 2018 1836 2092 surdos,

303 2124 440 2175 eut
475 2112 711 2198 longos
738 2146 772 2188 ‚·
811 2128 928 2176 aut
952 2116 1232 2199 pingues
1272 2116 1358 2177 ad
1400 2133 1684 2176 coenam
1716 2131 1838 2176 vo·-

316 2211 546 2285 cavit‚
629 2209 699 2271 in
751 2211 1080 2272 convivas
1133 2224 1411 2294 repente
1474 2209 1704 2272 leones
1771 2219 1838 2269 et

308 2305 684 2389 leopardos
733 2318 1124 2368 exarmatos
1181 2304 1493 2380 immisit,
1543 2298 1694 2369 'aut
1751 2305 1833 2365 iis

312 2412 600 2464 coenam
637 2421 725 2464 ex
772 2401 1016 2477 ebore,
1071 2419 1265 2478 cera,
1321 2414 1441 2465 aut
1491 2400 1833 2463 marmore

306 2494 652 2574 instruxit,
726 2509 845 2559 aut
899 2516 1050 2560 cum
1112 2515 1348 2574 omnes
1417 2517 1536 2582 per
1593 2492 1830 2560 urbem
1897 2542 1900 2547 -

311 2611 718 2656 aranearum
773 2594 947 2656 telas
989 2591 1285 2655 conferri
1336 2594 1403 2656 in
1450 2613 1656 2659 unum
1700 2593 1831 2674 jus-

305 2688 420 2763 sit,
475 2702 556 2750 ex
600 2708 890 2772 quarum
929 2690 1229 2773 pondere
1255 2689 1609 2774 (confecta
1639 2688 1829 2752 suere

303 2784 543 2845 decem
597 2784 812 2847 millia
869 2782 1143 2871 pondo)
1214 2786 1301 2847 de
1365 2786 1829 2869 magnitudine

302 2878 570 2944 Romae
609 2877 961 2947 conflaret.
1053 2885 1166 2959 At,
1200 2880 1401 2943 fidem
1472 2880 1824 2965 superant,

300 2995 484 3060 quae
528 2978 614 3038 de
656 2978 802 3058 ejus
831 2976 1299 3062 impudicitiae
1341 2975 1649 3040 sordibus
1686 2996 1822 3040 me-

295 3084 674 3135 morantur.
768 3072 922 3134 Non
979 3072 1080 3134 illi
1136 3071 1458 3157 voluptas
1520 3072 1821 3157 placita,

297 3187 480 3251 quae
522 3168 881 3253 secundum
918 3179 1233 3230 naturam
1279 3167 1472 3231 esset.
1543 3168 1819 3231 Stoma-

297 3264 542 3327 chatus
561 3264 826 3326 virilem
856 3263 1341 3338 conditionem,
1396 3266 1817 3327 meretricem

291 3356 630 3447 professus
664 3358 776 3436 est,
829 3372 894 3422 et
933 3356 1316 3421 meretricio
1342 3357 1596 3420 adscito
1633 3358 1815 3421 cultu

287 3456 615 3519 invitavit
654 3467 1202 3538 praetereuntes,
1255 3467 1330 3516 ut
1373 3454 1461 3517 ad
1517 3453 1581 3516 se
1621 3473 1814 3517 acce·-

288 3553 580 3627 derent‚
634 3552 1034 3635 accepitque
1069 3568 1350 3612 munera
1410 3552 1551 3629 eJ’us
1613 3549 1815 3613 causa

283 3648 574 3733 rependi
593 3646 810 3712 solita.
862 3647 1024 3728 Ejus
1051 3644 1326 3709 instituti
1348 3643 1646 3709 feminas
1670 3666 1812 3709 om·

281 3762 409 3807 nes
480 3744 551 3805 in
638 3762 842 3806 unum
909 3754 1190 3805 coactas
1266 3742 1547 3805 militari
1620 3760 1810 3805 more

285 3838 646 3904 adlocutus
735 3838 1233 3903 commilitones
1309 3838 1484 3901 dixit
1517 3886 1538 3917 ‚
1656 3858 1810 3901 cum

279 3938 369 4000 iis
445 3936 529 3999 de
577 3935 934 4021 generibus
1007 3935 1439 4021 voluptatum
1514 3934 1805 4019 disputa·

278 4034 430 4108 vit,
483 4043 553 4095 et
604 4032 1003 4094 donativum
1041 4030 1247 4095 dedit.
1343 4028 1670 4115 Conquiri
1702 4044 1801 4094 to-

273 4141 357 4190 to
398 4128 685 4212 imperio
721 4127 944 4210 jussit,
999 4127 1040 4188 si
1076 4146 1245 4211 quos
1301 4124 1804 4190 liberalioribus

269 4235 526 4289 natura
554 4226 641 4287 ad
680 4224 1069 4307 voluptates
1105 4221 1450 4307 praesidiis
1475 4221 1801 4307 instruxit,

266 4340 453 4406 quos
508 4321 682 4382 inter
714 4319 1023 4381 Aurelius
1071 4319 1344 4381 Zoticus
1385 4318 1834 4405 Smyrnaeus‘

259 4416 687 4507 praecipuos
747 4415 1046 4478 honores
1103 4411 1405 4494 abstulit,
1471 4429 1798 4479 evocatus

258 4513 613 4590 Romam,
670 4524 735 4575 et
789 4513 971 4596 regia
1019 4530 1279 4595 pompa
1323 4511 1410 4572 ad
1463 4512 1796 4595 palatium

262 4611 654 4693 deductus,
705 4610 823 4695 qui
866 4627 1017 4672 cum
1059 4606 1338 4672 obvium
1381 4602 1496 4671 fibi
1550 4606 1798 4695 Elaga-

3334 584 3471 657 ⁴²5³

1939 762 2175 829 baluin
2206 810 2223 843 ‚
2279 777 2353 827 ut
2385 784 2512 849 par
2544 778 2724 839 erat,
2780 756 3143 830 salutaret:
3212 756 3471 847 domine

1936 860 2284 946 imperator
2305 908 2323 935 ‚
2356 857 2579 944 salve!
2622 859 2760 946 ipse
2795 859 3188 926 muliebrem
3220 862 3286 922 in
3312 883 3453 926 mo.

1933 972 2076 1021 tem
2099 958 2348 1021 inflexa
2371 957 2665 1019 molliter
2700 961 2984 1034 cervice,
3032 972 3282 1037 neme,
3318 962 3454 1036 ajo.

1936 1052 2077 1126 bat,
2137 1054 2483 1116 dominum
2521 1074 2767 1130 voce3,·
2789 1054 3071 1115 domina
3090 1054 3266 1114 enim
3287 1053 3444 1119 sum.

1931 1148 2165 1232 Nupsit
2186 1169 2347 1211 vero
2368 1151 2571 1211 etiam
2591 1149 2893 1211 Hierocli
2918 1149 3166 1227 Carico
3196 1154 3451 1212 manci·

1931 1245 2069 1326 pic.
2139 1245 2329 1307 Haec
2365 1265 2536 1306 'cum
2588 1243 2991 1328 propalam,
3076 1256 3143 1306 et
3199 1246 3267 1305 in
3316 1246 3446 1308 hac

1930 1338 2164 1403 summi
2204 1338 2447 1425 fastigii
2475 1339 2823 1420 majestate
2852 1351 3198 1424 patraret,
3253 1361 3445 1405 aver·

1928 1433 1971 1495 si
2016 1436 2371 1518 paullatim
2409 1437 2707 1498 omnium
2764 1438 3077 1498 ordinum
3124 1436 3211 1498 ab
3257 1456 3342 1498 eo
3374 1459 3444 1499 a·

1922 1532 2143 1611 nimi„
2186 1543 2565 1615 paratoque
2614 1532 2912 1595 melioris
2966 1532 3100 1616 spei
3134 1531 3446 1599 successo—

1921 1646 1994 1689 re
2048 1616 2301 1690 ?xitum
2356 1625 2634 1701 habuit,
2708 1638 2780 1690 ut
2834 1628 3176 1708 vidimuS,
3257 1630 3445 1691 vitae

1922 1721 2613 1815 contaminatissimae
2654 1724 3189 1804 respondentem.
3264 1724 3440 1785 Vide

1919 1817 2091 1881 haec
2114 1821 2299 1904 apud
2322 1818 2642 1895 Dionem,
2694 1819 3201 1900 Herodianum,
3238 1817 3446 1881 Lam·

1921 1916 2238 1998 pridium.

2027 2010 2305 2075 onres·
2361 2011 2551 2092 Quas
2589 2011 2734 2097 lege
2772 2011 3191 2073 matrimonii
3232 2010 3439 2074 duxe-

1917 2118 2028 2166 rat
2061 2154 2080 2182 ,
2134 2120 2269 2168 tres
2309 2098 2537 2181 fuere,
2588 2105 2873 2172 Cornelia
2910 2106 3157 2182 Paula,
3236 2109 3442 2191 Aqui·

1916 2198 2005 2263 lia
2045 2201 2302 2278 Severa,
2355 2202 2574 2269 Annia
2614 2203 2944 2292 Faustina,
3000 2201 3131 2263 hae
3169 2220 3440 2283 quoque

1916 2313 2039 2377 per
2067 2299 2253 2360 vices
2287 2298 2705 2378 repudiatae.
2763 2297 2866 2357 Ex
2907 2295 3092 2357 nulla
3135 2307 3330 2378 pater
3370 2317 3435 2369 e-

1914 2390 2105 2454 vasit.
2150 2392 2255 2455 De
2282 2391 2363 2454 iis
2400 2404 2636 2476 agetur
2663 2394 2733 2455 in
2767 2391 3169 2475 singularum
3188 2391 3431 2455 nuruis,
3537 2422 3548 2435 ι

2516 2540 2774 2611 Numi
2819 2570 2842 2610 .·

2215 2676 2286 2746 V
2282 2690 2308 2744 t
2350 2680 2446 2747 lit.
2491 2682 2570 2747 G.
2622 2693 2681 2746 ec
2727 2685 2810 2745 E.

1908 2778 1983 2843 P.
2025 2780 2110 2840 M.
2145 2778 2290 2839 ΤΗ.
2331 2779 2403 2841 Ρ»
2449 2781 2532 2841 V.
2578 2777 2767 2840 COS.
2814 2777 2966 2843 IIII.
3018 2778 3093 2843 P.
3140 2781 3233 2853 P„
3290 2779 3427 2846 Im·

1895 2884 2163 2957 perator
2177 2875 2627 2957 togatusstans
2645 2884 2792 2938 ante
2829 2894 3011 2939 aram
3033 2874 3096 2941 d.
3112 2889 3426 2961 pateram.

1885 2971 1944 3050 s.
1976 2992 2258 3050 ramum,
2310 2973 2377 3034 in
2398 2989 2550 3036 area
2581 2971 2830 3055 astrum.
2890 2972 3033 3034 AR.
3061 2974 3200 3038 ΑΕ.
3240 2974 3293 3036 Ι.
3340 2974 3425 3036 11.

2008 3068 2233 3149 Quam
2270 3069 2520 3132 acriter
2560 3068 2643 3129 de
2675 3066 2779 3128 his
2816 3070 3036 3131 numis
3063 3117 3083 3145 ‚
3137 3070 3247 3133 etsi
3291 3071 3423 3132 mi-

1903 3166 2083 3227 nime
2124 3163 2337 3240 raris,
2390 3176 2673 3246 propter
2717 3161 3102 3244 inscriptum
3123 3165 3423 3228 tribuna·

1900 3272 2043 3322 tum
2092 3262 2172 3321 V.
2236 3279 2278 3319 a
2328 3260 2487 3321 viris
2530 3258 2797 3318 summis
2836 3256 3243 3338 disputatum
3302 3259 3419 3334 sit,

1897 3355 2200 3417 dicemus
2240 3352 2507 3416 abunde
2542 3353 2611 3415 in
2648 3364 2942 3414 tractatu
2978 3351 3063 3415 de
3100 3354 3260 3419 trib.
3297 3373 3416 3435 po-

1890 3445 2146 3513 testate.

2178 3598 2376 3667 Numi
2424 3603 2740 3666 commatis
2780 3598 3123 3686 peregrini.

1987 3738 2200 3818 Hujus
2261 3738 2521 3824 generis
2586 3738 2774 3801 numi
2836 3748 2980 3800 tam
3034 3736 3102 3798 in
3144 3732 3409 3801 urbibus

1882 3832 2099 3899 liberis
2163 3831 2481 3913 Graecis,
2561 3853 2763 3915 quam
2830 3832 3086 3897 coloniis
3154 3831 3407 3915 copiosi

1881 3928 2112 4014 signati
2146 3931 2322 4008 sunt,
2376 3943 2450 3994 at
2487 3950 2569 3993 nc
2594 3929 2791 4011 huius
2832 3928 3266 4014 imperatoris
3286 3947 3404 3991 nu·

1880 4029 1976 4091 mi
2022 4048 2173 4090 cum
2214 4039 2490 4091 moneta
2522 4024 2926 4090 Caracallae
2976 4025 3403 4103 misceantur,

1855 4124 2066 4207 ‘quod
2101 4142 2236 4188 non
2268 4142 2425 4189 raro
2462 4123 2624 4187 viris
2664 4120 3234 4188 exercitatissimis
3288 4140 3397 4186 ac-

1880 4222 2084 4306 cidit,
2138 4224 2368 4285 cautio
2410 4220 2503 4285 sit.

2302 4375 2580 4441 Nomina
2604 4422 2621 4452 ,
2675 4395 2749 4439 ac
2797 4373 2984 4439 tituli.

1986 4511 2255 4576 Varium
2316 4511 2581 4578 Avitum
2640 4513 2996 4599 Baffianum
3055 4509 3396 4595 principio

1878 4604 2066 4670 fuisse
2124 4615 2487 4689 vocatum-²
2559 4608 2760 4670 altius
2820 4607 3133 4669 diximus
3212 4603 3406 4668 Varii
