4242 5459
1357 569 1445 654 ,G
1481 564 2170 643 ORDIANVS
2270 566 2408 647 ΙΙΙ.

360 771 525 852 erit,
577 788 695 833 cur
725 780 1080 850 utrumque
1123 789 1368 833 numen
1418 767 1553 830 hoc
1606 767 1877 828 nomine

361 864 858 949 appellaretur,
896 877 960 926 et
992 884 1109 927 cur
1161 863 1596 947 inscriptione
1653 862 1880 944 potius

373 959 685 1036 Graeca,
738 978 941 1040 quam
998 958 1246 1021 Latina
1284 960 1352 1020 in
1409 956 1630 1019 numis
1694 975 1882 1018 com-

361 1055 566 1120 matis
603 1053 897 1124 Romani
937 1053 1034 1113 uti
1076 1052 1407 1136 placuerit
1437 1098 1457 1126 ,
1506 1051 1834 1113 incertum
1859 1096 1880 1129 ,

348 1160 440 1227 ‚ut
472 1150 610 1227 ejus
649 1148 806 1211 aevi
831 1146 1153 1231 pleraque
1180 1147 1339 1209 alia.
1390 1142 1565 1207 Istud
1598 1155 1879 1219 certum,

349 1242 511 1317 illi,
564 1244 676 1322 qui
718 1253 957 1325 typum
997 1241 1172 1302 hunc
1212 1240 1616 1322 imperavit,
1655 1258 1878 1322 nquan·

364 1337 526 1400 darn
563 1334 988 1417 antiquitatis
1027 1335 1473 1396 imitationem
1502 1332 1691 1395 fuisse
1724 1352 1874 1415 pro-

359 1427 686 1513 positam,
736 1430 922 1510 quod
956 1441 1245 1513 apparet
1279 1449 1363 1491 ex
1395 1428 1726 1491 elemento
1769 1430 1828 1491 Σ
1853 1472 1878 1506 ,

364 1521 958 1608 quaj'ormaillud
991 1525 1146 1586 inde
1192 1523 1277 1586 ab
1311 1524 1664 1604 Hadriano
1693 1542 1879 1598 raro,

357 1618 518 1680 inde
556 1616 646 1680 ab
662 1618 1022 1698 ’Antonino
1063 1619 1194 1680 Pio·
1237 1617 1578 1698 nunquam
1602 1663 1622 1694 ,
1653 1669 1660 1678 .
1693 1618 1877 1700 quod

361 1711 608 1788 sciam,
659 1711 727 1774 in
785 1722 967 1774 certo
996 1723 1457 1776 -monumento
1500 1722 1728 1774 vetere
1766 1730 1877 1774 oc·

365 1806 572 1868 currit
597 1851 617 1882 ,
670 1805 756 1867 de
789 1825 924 1889 quo
963 1807 1121 1869 vide
1144 1805 1341 1891 plura
1355 1804 1512 1872 Vol.
1537 1806 1588 1871 1.
1611 1825 1680 1891 p.
1698 1805 1876 1870 Clu.

363 1898 435 1961 in
476 1899 1004 1984 Prolegomenis.

926 2050 956 2080 Ξ
1249 2046 1254 2052 “
1279 2049 1310 2082 D

657 2094 893 2156 Amica
938 2096 1200 2159 incerta.

368 2183 1064 2250 MVNIFICENTIA.
1127 2182 1601 2247 GORDIANI.
1667 2178 1875 2246 AVG.

366 2277 913 2365 Amphitheatrum
946 2280 1311 2346 Flaviorum
1334 2325 1355 2355 ‚
1403 2282 1474 2341 in
1500 2296 1620 2361 quo
1655 2285 1883 2340 taurus

372 2382 434 2437 et
472 2373 712 2460 elaephas
742 2377 1225 2450 committuntur,
1276 2372 1412 2438 him
1442 2381 1502 2435 et
1537 2370 1691 2434 illinc
1708 2370 1880 2433 duae

376 2470 554 2535 aedes
569 2515 588 2547 ,
638 2470 725 2533 ad
790 2468 956 2534 latus
1015 2469 1336 2533 dexterum
1371 2468 1597 2554 figura
1655 2471 1879 2545 togata

357 2566 555 2656 flam.
609 2564 748 2626 AE.
791 2584 880 2625 m.
919 2583 1006 2625 m.
1050 2560 1285 2644 (vain.
1334 2559 1633 2633 Albani.)

439 2659 570 2732 ,De
621 2656 964 2720 vocabulo
1029 2653 1738 2729 MVNIFICENTIA‚
1812 2661 1877 2714 et

373 2757 728 2834 conjuncto
766 2765 907 2815 tum
959 2764 1129 2833 typo
1185 2748 1526 2832 elephant-i
1579 2751 1722 2829 jam
1772 2746 1878 2832 egi

369 2849 439 2911 in
475 2850 695 2910 numia
721 2846 1037 2910 Antonini
1078 2845 1168 2908 ad
1203 2864 1449 2928 annum
1492 2847 1574 2906 V.
1610 2818 1685 2906 ὃ.
1712 2860 1874 2921 902.

365 2943 832 3027 Elephantos,
873 2942 941 3002 in
991 2940 1165 3002 ludis
1223 2937 1656 3018 Circensibus*
1696 2957 1872 3000 anno

366 3039 455 3102 V.
493 3036 566 3100 C.
597 3039 740 3123 586
771 3036 1060 3120 primum
1080 3031 1454 3118 progressos
1493 3030 1735 3115 scripsit
1765 3031 1874 3092 Li·

366 3135 542 3196 vius.
568 3130 630 3212 ⁸)
684 3138 898 3210 Aucto
945 3149 1095 3192 cum
1137 3127 1380 3210 opibus
1416 3125 1575 3187 luxu
1613 3124 1875 3207 saepius

359 3230 434 3290 in
477 3227 740 3287 scenam
767 3227 993 3288 vocati
1033 3235 1104 3286 ut
1129 3220 1370 3284 illustre
1400 3218 1875 3301 spectaculum,

366 3321 462 3384 fic
493 3319 853 3400 aliquoties
900 3319 1341 3400 miserandum
1387 3313 1652 3376 dedere.
1732 3313 1875 3374 Eo-

365 3434 524 3482 rum
592 3414 861 3476 omnino
893 3413 1158 3486 ¹XVIII.
1226 3411 1588 3492 Pompeius
1645 3407 1741 3471 M.
1804 3410 1876 3472 in

364 3511 484 3573 suo
518 3507 860 3570 consulatu
911 3508 993 3570 11.
1027 3506 1327 3581 induxit,
1381 3520 1552 3585 quos
1600 3521 1722 3585 per
1779 3502 1874 3564 lu·

368 3604 533 3668 dum
568 3600 796 3666 caesos
835 3602 1259 3682 laniatosque
1289 3598 1424 3682 ipse
1461 3596 1751 3679 populus
1788 3594 1876 3659 est

345 3698 756 3778 ,miset-atne,
807 3717 957 3760 cum
993 3695 1088 3756 illi
1133 3692 1433 3777 acceptis
1485 3691 1874 3754 vulneribus

3286 620 3295 628 ·
3325 591 3478 677 3¹5

1971 766 2091 828 ciri
2128 765 2305 850 passi
2339 764 2517 829 sunt..
2562 764 2766 830 Haec
2806 767 2966 832 Dio.
3001 756 3071 848 ι’)
3114 758 3477 838 ΑᾶἷᾶἰῑΡΙί·
3598 789 3605 796 ’
3708 761 3711 768 ’

1970 861 2119 924 nius
2156 860 2330 926 haec
2374 860 2611 923 eadem
2661 881 2992 941 narrans,
3022 862 3082 945 e)
3133 880 3325 931 tanto
3388 869 3484 932 ad

1970 955 2104 1017 hoc
2141 954 2587 1039 spectaculum
2636 957 2873 1021 dolore
2910 958 3209 1023 exarsisse
3257 981 3489 1047 popu-

1972 1049 2153 1125 lum,
2205 1062 2277 1112 ut
2304 1051 2361 1110 is
2403 1048 2653 1113 oblitus
2692 1053 3165 1135 imperatorie,
3220 1075 3300 1119 ac
3343 1077 3488 1119 mu·
3574 1077 3583 1081 ·

1971 1143 2358 1208 nificentiae
2414 1144 2658 1206 honori
2712 1145 2826 1208 suo
2899 1147 3263 1230 exquisitae
3318 1148 3489 1214 flens

1973 1238 2321 1301 universus
2376 1239 2837 1325 consurgeret,
2905 1241 3223 1323 dirasque
3288 1244 3492 1308 Pom-

1970 1334 2132 1415 peio
2167 1379 2186 1410 ,
2240 1353 2413 1415 quas
2448 1332 2561 1394 ille
2616 1355 2781 1397 mox
2844 1335 3009 1413 luit,
3076 1337 3495 1420 imprecare-

1968 1438 2098 1492 tur.
2184 1428 2271 1489 Et
2320 1423 2569 1510 scripsit
2625 1427 2905 1506 Cicero,
2980 1431 3124 1513 qui¹
3154 1430 3539 1515 spectator'

1970 1520 2194 1586 adfuit
2214 1552 2249 1600 ‚·
2279 1511 2335 1598 ⁴³)
2374 1541 2705 1607 magnam
2762 1535 2906 1610 tum
2959 1523 3527 1590 admirationem'

1970 1616 2153 1700 vulgi
2193 1625 2399 1699 atque
2439 1618 2679 1681 turbae
2704 1663 2726 1694 ,
2778 1611 3300 1682 delectationem
3343 1620 3489 1683 nul-

1959 1709 2107 1773 ·lam
2149 1701 2495 1790 exstitisse,
2549 1714 2711 1795 quin
2776 1714 2982 1775 etiam
3051 1713 3490 1792 misericordi·

1970 1825 2079 1868 arn
2120 1809 2461 1889 quandam
2486 1807 2935 1884 consecutam,
2982 1820 3187 1890 atque
3219 1810 3489 1894 opinio-

1967 1920 2123 1965 nem
2195 1901 2565 1979 ejusmodi,
2616 1902 2742 1963 esse
2783 1905 3125 1985 quandam
3180 1903 3278 1966 illi
3344 1904 3484 1965 bel-

1966 1995 2125 2056 luae
2187 2014 2334 2056 eum
2390 2014 2631 2078 genere
2690 1994 2989 2056 humano
3076 1996 3486 2065 societatem.

1969 2086 2291 2149 Libenter
2331 2089 2641 2170 equidem
2684 2088 2860 2170 bunc
2904 2091 3153 2173 populi,
3184 2093 3486 2154 animum

1970 2179 2483 2257 collaudarem,
2558 2185 2672 2265 qui
2730 2181 2857 2242 sese
2919 2184 3030 2262 »gel
3104 2182 3483 2248 belluarum

1971 2277 2327 2340 aerumnis·⁴
2355 2293 2436 2337 ac
2472 2273 2825 2350 laboribus
2854 2278 3040 2361 tangi
3105 2274 3193 2338 est
3234 2277 3481 2360 passus·

1967 2370 2220 2429 Verum
2256 2370 2507 2433 invitus
2545 2390 2671 2454 ego
2717 2389 2928 2455 cogor
2959 2369 3314 2434 detrahere
3354 2372 3484 2436 has

1967 2461 2249 2540 laudes,
2305 2483 2456 2544 cum
2499 2466 2685 2527 venit
2733 2466 2801 2526 in
2857 2476 3147 2528 mentem
3193 2487 3484 2552 praepo·

1969 2553 2175 2619 fletae
2220 2559 2286 2621 in
2322 2559 2561 2621 eodem
2615 2558 2749 2622 hoc
2800 2562 3055 2644 populo
3113 2561 3481 2625 misericor·

1969 2650 2160 2728 diae,
2216 2652 2371 2735 qui,
2425 2654 2582 2718 dum
2621 2650 2973 2717 bestiarum
2998 2651 3291 2740 sanguini
3328 2676 3483 2740 par-

1966 2745 2027 2806 ci
2071 2749 2296 2832 cupit,
2363 2746 2709 2812 hominum
2766 2749 2836 2810 in
2883 2769 3092 2813 arena
3155 2751 3482 2814 caedibus

1967 2840 2267 2904 animum
2302 2843 2672 2925 oculosque
2718 2844 2952 2927 pascit.
3038 2847 3143 2907 Ad
3202 2864 3481 2909 numum

1964 2949 2291 3000 revertor.
2348 2935 2524 2999 sinit
2558 2937 2670 3000 hic
2724 2940 3298 3024 amphitheatrum
3326 2941 3481 3004 Fla-

1963 3030 2229 3093 viorum
2262 3078 2284 3109 ,
2336 3044 2402 3094 et
2431 3033 2608 3096 intra
2662 3031 2793 3096 hoc
2830 3049 3100 3119 praeter
3158 3034 3483 3120 elephan-

1964 3136 2105 3186 tum
2166 3138 2431 3190 taurum
2500 3147 2821 3212 quoque,
2910 3150 3155 3215 nempe
3222 3130 3484 3194 animal

1965 3231 2320 3302 utrumque
2364 3221 2580 3284 secum
2638 3224 3087 3299 commissum,
3139 3236 3333 3285 vetus
3380 3225 3479 3285 di·

1965 3313 2350 3380 micationis
2400 3335 2663 3396 genus;
2738 3335 2892 3378 nam
2955 3315 3228 3376 similem
3302 3316 3477 3384 inter

1962 3417 2316 3489 utrumque
2361 3428 2656 3493 pugnam
2701 3414 2845 3492 jam
2904 3407 3240 3490 descripsit
3281 3410 3481 3484 Mar·⁸⁴

1961 3499 2165 3567 tialis.
2212 3506 2266 3576 θ)

2697 3598 2731 3632 fi

2872 3647 2903 3680 Q

2265 3692 2357 3759 Vt
2385 3690 2480 3756 ut.
2518 3649 2600 3759 *a
3118 3687 3129 3697 ·
3160 3741 3167 3750 ,

370 3811 416 3855 a
448 3810 669 3877 pugna
715 3791 1124 3866 desisterent,
1212 3789 1871 3868 circumeuntesque,
1958 3784 2375 3850 PRINCIPI.
2435 3783 3016 3852 IVVENTVTIS.
3117 3781 3476 3874 Imperator

374 3897 443 3947 et
465 3885 673 3946 -elatis
709 3888 775 3948 in
826 3886 1037 3950 altum
1090 3881 1600 3967 proboscidibus
1671 3900 1874 3965 opem
1948 3883 2480 3968 paludatusflans
2518 3883 2578 3948 d.
2612 3880 2911 3967 globum,
2929 3881 2995 3968 s.

374 3981 762 4046 viderentur
794 3982 1236 4064 spectatorum
1263 3975 1650 4058 implorare,
1684 3973 1873 4038 testa-

363 4076 561 4156 tique
594 4077 868 4160 superos
889 4122 908 4150 ,
959 4086 1028 4137 et
1060 4087 1489 4135 commonere
1526 4075 1663 4151 ejus
1688 4073 1873 4151 juris·

361 4172 680 4251 jurandi,
731 4189 866 4252 quo
902 4167 1180 4254 persuasi
1214 4188 1300 4230 ex
1341 4162 1576 4228 Africa
1602 4166 1728 4227 sese
1763 4186 1873 4229 ac-

438 4401 502 4462 ι)
547 4403 611 4462 t..
650 4403 855 4462 xuv,
894 4420 944 4455 e.
988 4412 1065 4462 18.

366 4467 520 4543 epm.
562 4489 608 4524 ι.
800 4474 851 4540 e)
888 4470 1133 4543 spectac.
1170 4469 1338 4540 epigr,
1370 4472 1535 4526 xlx.

1261 4398 1315 4462 b)
1355 4406 1419 4463 L.
1458 4404 1734 4462 XXXIX.
1770 4407 1803 4474 ς
1834 4416 1921 4475 33.

3039 3879 3288 3973 Iustam.
3322 3889 3471 3952 AR.

1962 3977 2161 4059 (Mus.
2203 3976 2422 4054 Caes.)
3081 4015 3087 4022 ·

2055 4072 2732 4142 Nondumhactenus
2762 4071 3055 4139 vidimus
3091 4074 3159 4139 in
3191 4090 3473 4142 moneta

1941 4180 2211 4264 ‘vet-ere,
2260 4165 2524 4231 titulum
2561 4169 2884 4254 principis
2915 4172 3281 4252 juventutis
3315 4190 3469 4235 cum

2113 4409 2164 4476 ε)
2199 4404 2264 4459 1..
2305 4406 2466 4462 vm.
2500 4407 2534 4476 ς
2573 4427 2622 4476 7.
2798 4406 2857 4476 a)
2889 4404 2966 4460 ιιι
3002 4406 3198 4460 Fama.
3233 4406 3301 4471 1..
3322 4405 3454 4460 vn.

2858 4550 3069 4613 Rra
