4242 5459
826 552 979 627 334

1374 786 1407 818 ἑ
1741 780 1772 813 ί

1077 832 1213 899 -Vt
1242 829 1332 894 lit.
1386 835 1466 894 E.

816 933 1034 998 ΠΕΟ.
1083 926 1555 993 VOLKANO.
1617 923 1931 1009 Templum
1964 935 2354 1010 quatuor-co.

818 1034 1173 1096 &mnarum
1196 1073 1215 1103 ,
1267 1027 1335 1089 in
1371 1044 1492 1110 quo
1522 1022 1847 1088 Vulcanus
1855 1024 2040 1108 stans
2072 1033 2217 1087 aute
2250 1026 2351 1088 in-

818 1129 1026 1193 cudem
1064 1124 1124 1189 d.
1165 1121 1472 1199 malleum,
1524 1119 1586 1204 s.
1613 1120 1923 1205 forcipem
1968 1130 2149 1187 tenet.
2201 1122 2350 1187 AR.

821 1223 1023 1307 (Mus.
1080 1216 1335 1299 Caes.)·

920 1320 1102 1382 Inter
1138 1316 1304 1379 deos
1327 1361 1349 1392 ,
1400 1332 1571 1398 quos
1607 1323 1888 1396 propter
1922 1314 2061 1393 ejus
2096 1309 2347 1374 aetatis

821 1416 1005 1480 mala
1032 1435 1076 1476 a
1117 1412 1445 1475 Romanis
1487 1408 1674 1470 fuiss'e
1714 1410 2071 1471 invocatos
2109 1428 2194 1470 ex
2211 1409 2346 1471 Va·

819 1511 1099 1588 leriani,
1178 1527 1266 1570 ac
1318 1507 1681 1590 praecipue
1765 1501 2060 1567 Gallieni
2125 1506 2344 1566 numis

821 1610 1183 1682 novimus,
1235 1605 1439 1667 etiam
1496 1600 1686 1663 fuiss'e
1737 1600 2162 1677 Vulcanum,
2236 1601 2346 1662 hie

818 1694 1079 1768 numus'
1110 1704 1348 1775 docet,
1403 1712 1611 1781 atque
1643 1694 1809 1759 istud
1854 1708 2047 1759 tanto
2116 1697 2346 1780 aptius

821 1802 1160 1865 saeviente
1223 1809 1366 1859 tum
1418 1792 1631 1879 peste,
1719 1793 1904 1874 quod
1959 1793 2174 1876 ignis,
2227 1792 2344 1874 qui

820 1901 1005 1962 idem
1041 1915 1191 1958 cum
1221 1893 1531 1955 Vulcano
1564 1888 1885 1965 habitus‚¹
1928 1908 2160 1952 aerem
2198 1908 2346 1951 cor·

819 2007 1092 2079 ruptum
1141 1987 1475 2075 purificat.
1545 1990 1842 2049 Auctore
1886 1984 2255 2047 Plutarcho
2277 1982 2342 2066 ⁸)

815 2096 955 2174 jam
998 2087 1325 2151 Romulus
1365 2084 1693 2168 templum
1732 2082 2041 2144 Vulcano
2078 2080 2297 2167 posuit
2323 2127 2343 2157 ,

824 2188 933 2252 sed
978 2197 1174 2249 extra
1219 2182 1479 2247 urbem.
1578 2180 1814 2242 Plures
1863 2180 1918 2242 is
1976 2178 2215 2243 causas
2275 2180 2346 2240 in

824 2277 1118 2347 medium
1143 2277 1446 2365 profert,
1496 2288 1776 2362 propter
1810 2292 1980 2359 quas
2016 2275 2351 2361 placuerit

825 2381 1007 2465 regi,
1059 2376 1437 2439 Vulcanum
1480 2370 1646 2437 urbe
1687 2372 2072 2436 excludere.
2164 2372 2349 2437 Inter

822 2478 1117 2541 incertas
1152 2473 1325 2535 alias
1372 2470 1547 2534 hanc
1578 2489 1851 2553 quoque
1906 2468 2181 2531 lectoris
2241 2488 2349 2530 ar·

822 2574 1033 2637 bitrio
1065 2570 1431 2656 permittit.
1489 2586 1665 2630 eum
1693 2566 1954 2629 videret
1988 2564 2346 2640 Romulus,

819 2675 958 2754 jam
995 2670 1152 2732 inde
1203 2685 1246 2727 a
1285 2663 1622 2748 principio
1671 2663 1965 2724 Romam
2015 2661 2346 2723 incendiis

824 2759 1516 2839 vastari,cen1'uiss'e,
1568 2757 2041 2819 honorandum
2072 2756 2345 2837 quidem

1941 528 2858 609 VALERIANVS..

2437 746 2512 798 ut
2550 752 2735 799 nova
2783 729 3242 797 substructioni
3273 731 3721 799 fundamenta
3759 737 3969 804 essent

2437 830 2727 917 agenda.
2756 826 2818 911 ⁶)
2867 830 3167 892 Vixdum
3214 833 3464 895 revixit
3495 844 3773 917 urgente
3807 835 3958 896 Ves-

2423 926 2714 1011 .pafiano
2744 972 2763 1002 ,
2816 925 2971 990 arsit
3002 926 3245 990 iterum
3287 948 3545 1012 paucos
3579 926 3727 1012 post
3751 946 3966 993 annos

2436 1025 2815 1107 imperante
2853 1023 3017 1086 Tito
3065 1021 3217 1109 ipsis
3264 1024 3595 1088 columnis
3640 1022 3960 1088 flamma-

2437 1140 2585 1183 rum
2652 1119 2844 1182 rabie
2911 1121 3014 1182 ita
3066 1120 3368 1194 vitiatis,
3460 1135 3534 1184 ut
3600 1136 3958 1207 cogeretur

2436 1215 2772 1278 restitutor
2808 1215 3242 1280 Domitianus
3270 1237 3486 1280 novas
3517 1235 3769 1302 magno
3792 1216 3962 1280 sum-

2437 1324 2556 1395 ptu
2610 1331 3014 1398 comparare
3071 1333 3157 1376 ex
3204 1315 3438 1377 Attica
3499 1315 3855 1377 advectas.
3900 1304 3964 1399 ἃ)

2436 1409 2591 1471 Non
2631 1409 2942 1484 memini,
3013 1409 3080 1470 in
3130 1410 3362 1474 causas
3403 1423 3634 1474 tantae
3677 1409 3962 1488 ruinae,

2436 1525 2611 1588 quae
2651 1506 2814 1568 olim
2855 1504 3117 1568 urbium
3169 1508 3468 1591 reginam
3515 1526 3646 1570 non
3693 1507 3962 1587 minus,

2433 1608 2639 1683 at'que
2697 1600 2905 1664 hodie
2968 1603 3146 1665 male
3213 1604 3578 1666 materiata
3621 1601 3958 1665 Poloniae

2433 1697 2799 1760 Russiaeve
2847 1699 3108 1783 oppida
3155 1696 3470 1777 adflixit,
3536 1697 3626 1762 ab
3684 1699 3956 1761 erudito

2434 1794 2759 1877 quopiam
2801 1795 2966 1858 data
3019 1815 3233 1879 opera
3289 1793 3477 1859 fuiss'e
3543 1791 3952 1878 inquisitum.

2434 1888 2659 1970 Quam
2697 1889 3076 1954 Bianconus
3122 1886 3390 1954 causam
3437 1891 3695 1955 inducit
3734 1891 3956 1953 circo-

2432 2005 2580 2048 rum
2607 1997 2672 2049 et
2705 1985 3368 2071 amphitheatrorum
3400 1989 3570 2073 ignis
3592 1986 3952 2049 vehemen
3971 2011 3978 2015 ·

2432 2083 2531 2145 tia
2585 2095 3098 2166 corruptorum,
3158 2078 3366 2168 plane
3407 2083 3676 2147 infirma
3726 2080 3838 2146 est.
3893 2088 3952 2157 e)

2427 2167 2674 2262 Aptius
2717 2179 2970 2241 malum
3019 2176 3185 2240 istud
3234 2179 3465 2264 Scipio
3507 2177 3830 2243 Maffeius
3885 2179 3963 2241 ia

2432 2272 2973 2359 superimpositas
3025 2275 3550 2360 amphitheatris
3608 2275 3954 2360 contigna-

2431 2371 2653 2434 tiones
2681 2370 2938 2455 ligneas
2978 2371 3264 2436 confert.
3295 2360 3352 2451 f)
3426 2378 3514 2437 At
3547 2370 3802 2435 confiat
3834 2372 3958 2432 eti·

2435 2486 2574 2542 am,
2628 2465 3206 2579 praestantissimis
3244 2468 3508 2532 Romae
3549 2469 3798 2532 veteris
3840 2488 3955 2531 ae-

2434 2561 2680 2625 dificiis
2719 2562 2919 2648 saepe
2940 2564 3222 2627 nimium
3261 2567 3589 2629 materiae
3621 2564 3814 2627 fuiss‘e
3835 2565 3956 2627 ad·

2426 2659 2704 2739 jectum.
2753 2657 2856 2719 De
2900 2660 3271 2725 Vitelliano
3304 2662 3544 2747 templi
3576 2660 3956 2746 Capitolini

2429 2753 2752 2815 incendio
2803 2755 3124 2821 Tacitus:
3151 2755 3214 2841 ἔ)
3263 2780 3416 2823 mox
3443 2757 3953 2845 sustinentesfa-

819 2864 1041 2945 deum,
1064 2858 1167 2919 sed
1198 2877 1237 2917 a
1264 2853 1613 2917 moenibus
1636 2853 2025 2914 arcendum.
2054 2853 2155 2914 Ex
2180 2849 2346 2911 fimi·
2406 2849 2676 2936 stigium
2732 2852 3012 2935 aquilae,
3078 2865 3279 2919 vetere
3321 2854 3532 2939 ligno,
3613 2864 3959 2920 traxerunt

817 2957 862 3018 li
886 2953 1083 3017 causa
1120 2948 1499 3032 Aesculapii
1537 2948 1861 3031 templum
1889 2961 2079 3010 extra
2107 2946 2342 3009 urbem
2409 2945 2733 3029 mximam
2758 2994 2777 3024 ‚
2828 2949 3262 3036 astiteruntque,
3314 2950 3806 3035 praescribente
3881 2972 3959 3014 e-

820 3051 1040 3113 fecere
1082 3046 1422 3122 Romani,
1474 3038 1632 3105 tam*
1669 3042 1915 3105 [cilicet
1967 3043 2344 3128 perniciosa

804 3138 1072 3215 „credita
1096 3154 1239 3207 arte
1264 3140 1556 3215 medica,
1588 3158 1788 3221 quam
1811 3128 2054 3223 igne.¹’)
2104 3141 2343 3223 Neque

820 3256 1050 3307 tamen
1077 3237 1405 3303 Romulus
1441 3255 1851 3321 magnopere
1894 3237 2347 3320 qualicunque

694 3348 706 3357 '
811 3340 942 3404 hoc
960 3339 1248 3401 Vulcani
1275 3334 1451 3398 cultu
1474 3334 1622 3396 urbi
1650 3333 1799 3394 suae
1822 3334 2149 3417 providit.
2185 3334 2342 3396 Non

809 3439 1018 3505 aliam
1040 3436 1254 3520 magis
1278 3431 1510 3494 urbem
1532 3436 1790 3493 tantum
1813 3428 2345 3493 incendiisfuiss'e

812 3527 1157 3597 adflictam
1181 3527 1463 3615 legimus
1484 3549 1633 3591 cum
1660 3525 1866 3610 strage
1891 3542 2022 3590 non
2045 3528 2341 3611 privata·

812 3651 958 3693 rum
1004 3631 1211 3691 modo
1261 3627 1531 3690 aedium
1555 3670 1575 3703 ,
1629 3625 1733 3687 sed
1771 3636 1838 3685 et
1872 3622 2295 3708 publicarum
2319 3674 2341 3707 ,

815 3726 1050 3807 quales
1094 3723 1281 3785 fuere
1337 3724 1534 3796 circi,
1618 3719 1972 3797 basilicae,
2039 3720 2338 3805 templa,

2427 3043 2593 3104 tiam
2633 3044 2775 3128 ipso
2812 3047 3171 3111 Vitruvio:
3237 3039 3308 3127 ¹¹)
3357 3050 3422 3112 in
3457 3048 3957 3140 araeostylis-an·

2429 3146 2547 3202 tem
2586 3159 2693 3204 uec
2729 3141 2995 3227 lapideis
3009 3190 3028 3218 ‚
3076 3164 3183 3211 nec
3240 3148 3612 3209 marmoreis
3666 3146 3957 3232 epfiylr'is

2428 3239 2526 3301 uta·
2561 3235 2791 3315 datur,
2825 3241 2939 3326 sed
2979 3243 3379 3324 imponendae
3419 3242 3492 3306 de
3524 3244 3794 3306 materia
3818 3252 3955 3307 tr&-

2430 3331 2536 3398 bes
2595 3347 2947 3420 perpetuae.
3024 3337 3214 3400 Haec
3276 3340 3359 3401 de
3414 3340 3641 3402 Roma
3693 3350 3950 3405 vetere.

2428 3430 2655 3493 Roma
2719 3435 3306 3497 moderna.etiam
3353 3432 3569 3512 ejecto
3634 3435 3952 3499 Vulcano

2427 3525 2598 3589 haee
2655 3524 2897 3593 funera
2950 3531 3254 3615 ignorat,
3321 3530 3806 3615 peritioribus,
3878 3544 3956 3595 ut

2429 3620 2777 3701 existimo,
2829 3624 2959 3688 hac
3017 3638 3210 3711 parte
3243 3627 3631 3693 architectis
3673 3626 3958 3706 nostris,

2425 3730 2606 3782 certe
2646 3721 3086 3798 cautioribus,
3141 3742 3224 3786 ac
3253 3721 3433 3787 forte
3467 3725 3674 3788 etiam
3713 3724 3806 3789 ob
3845 3745 3958 3788 re-

808 3821 1076 3894 cutiae,
1132 3835 1301 3900 quas
1339 3819 1565 3901 operis
1593 3816 1793 3879 firma
1832 3834 2200 3901 compages
2218 3817 2336 3879 ad·
2422 3817 2672 3899 petitas
2723 3815 2850 3880 has
2894 3818 3328 3884 calamitates
3375 3822 3530 3884 aevi
3591 3820 3686 3884 sui
3730 3822 3960 3886 archi.-

807 3914 1064 3978 versum
1088 3911 1515 3975 flammarum
1556 3910 1769 3974 furias
1787 3913 1961 3973 tueri
1979 3913 2334 3978 debuerat.
2422 3912 2615 3975 tectis
2658 3914 2900 3977 iratior
2942 3915 3286 3980 Martialis
3341 3917 3556 3994 dixit:
3596 3915 3656 4000 ς)

810 4007 1295 4090 conflagravit-
1327 4010 1658 4091 templum
1727 4005 2192 4090 Capitolinum
2249 4011 2335 4074 V.

809 4106 882 4171 C.
918 4108 1048 4185 671
1108 4102 1528 4186 temporibus
1582 4101 1919 4179 Sullanis,
1972 4104 2212 4167 iterum
2245 4108 2330 4170 Vs

808 4202 882 4266 C.
946 4213 1078 4274 822
1148 4199 1361 4260 turbis
1417 4198 1845 4275 Vitellianis,
1932 4211 2138 4283 atque
2178 4202 2326 4278 ita,

2510 4105 2600 4173 Si.
2618 4106 2765 4170 duri
2791 4127 2953 4189 puer
2989 4111 3204 4195 ingeni
3242 4110 3492 4176 videtur
3510 4156 3529 4187 ,

2508 4202 2886 4267 Praeconem
2907 4205 3129 4290 sarias
3146 4254 3164 4285 ,
3214 4208 3311 4272 vel
3335 4205 3751 4275 architectum.

871 4472 925 4527 a)
980 4464 1200 4533 Quaest
1245 4462 1407 4516 Rom.
1443 4474 1530 4524 44,

830 4538 889 4601 d)
932 4537 1072 4596 Plut,
1110 4541 1167 4589 in
1200 4535 1278 4586 Po
1326 4535 1409 4586 lic.

836 4626 881 4667 ο,
1357 4530 1778 4667 alifis„

1972 4599 2373 4668 mulum

1815 4459 1876 4525 b)
1947 4462 2087 4515 Plin.
2128 4465 2191 4516 L.
2230 4466 2454 4527 xxlx
2492 4468 2611 4537 §8-

1980 4536 2035 4595 e)
2076 4532 2316 4585 Descriz.
2354 4533 2444 4591 dei
2477 4539 2621 4590 Circi

2931 4477 2983 4543 c)
3045 4477 3226 4530 Tacit.
3277 4477 3392 4529 hist.
3432 4480 3540 4537 111.
3581 4482 3816 4544 72.1V
3853 4499 3968 4553 53.

2657 4556 2713 4610 p
2752 4542 2974 4597 xxx,-
3150 4548 3194 4618 ἱ)
3227 4547 3374 4622 degli
3410 4547 3712 4605 Anfiteatt.
3751 4551 3829 4613 L.
3866 4554 3959 4615 u.

2569 4611 2823 4677 vlu-V-
2863 4631 2951 4683 ep·
2983 4631 3075 4685 57-
