4242 5459
1043 555 1133 636 ι’.
1234 552 1826 635 HELvlvs
1927 499 2665 632 PERTINAX.
3285 580 3408 645 142

275 757 504 848 gustus
542 759 716 821 inter
754 754 1045 835 faustae,
1115 772 1181 823 et
1224 757 1507 822 lineet-as
1576 757 1803 822 adcla-
1887 752 2322 830 beo-naculum.
2358 758 2415 843 fl
2489 738 2905 840 cornucopiam
2961 757 3102 821 AR.
3208 758 3409 838 (Mus.

276 858 631 920 mationes
677 855 1020 918 salutatur.
1127 858 1299 920 Mox
1334 857 1433 918 rei
1472 856 1808 940 gerendae
1891 853 2121 936 Caes.)
2176 853 2313 916 AE.
2369 855 2417 917 1.
2473 851 2732 929 (Vaill.)
3079 907 3086 914 .

273 956 581 1016 intentus
624 964 923 1014 veterem
968 955 1197 1038 coepit
1234 971 1561 1014 revocare
1618 952 1809 1013 disci·
1987 951 2334 1013 Fortunae
2382 948 2804 1012 fimulacrum
2831 951 3069 1014 aversa
3109 949 3278 1029 sistit,
3313 964 3410 1015 at-

280 1049 589 1135 plinam‚
643 1050 981 1131 corrigere
1022 1067 1244 1111 mores
1291 1047 1518 1124 urbis,
1573 1047 1814 1129 eiicere
1894 1067 2026 1133 que
2064 1059 2138 1109 ut
2175 1044 2366 1108 varie
2414 1067 2456 1108 a
2500 1047 2828 1109 Romanis
2878 1046 3243 1124 Fortunae,
3292 1068 3411 1113 va·
3515 1042 3520 1047 ’

284 1145 682 1221 delator-ee,
736 1144 1006 1207 aerario
1050 1143 1373 1206 exhausto
1431 1144 1814 1219 consulere,
1895 1146 2146 1225 riisque
2186 1162 2309 1204 eae
2351 1141 2926 1226 appellationibus
2962 1144 3182 1207 cultae
3231 1144 3413 1224 sunt,

290 1253 503 1323 atque
543 1242 681 1325 ipse
724 1243 978 1324 primus
1017 1241 1143 1302 ell'e
1216 1238 1630 1324 frugalitatis
1691 1259 1817 1303 au·
1899 1260 2068 1326 quas
2111 1238 2254 1300 fuse
2307 1239 2719 1323 persequitur
2751 1239 3272 1322 Plutarchu8,⁸)
3317 1243 3420 1304 ita
3491 1264 3495 1267 ⁴

287 1349 484 1415 ctor,
536 1350 605 1399 et
640 1335 1052 1420 exemplum.
1125 1340 1210 1400 At
1241 1357 1409 1398 vero
1445 1336 1576 1398 hoc
1605 1337 1818 1420 ipsum
1897 1338 2031 1399 hae
2064 1354 2301 1399 omnes
2345 1337 2617 1416 nomine
2678 1334 2934 1399 dearum
3007 1337 3305 1424 custodum
3345 1339 3419 1400 in

289 1445 484 1515 erat,
536 1432 722 1516 quod
780 1435 1296 1516 praetorianos,
1365 1451 1536 1515 quos
1580 1435 1816 1493 intem·
1900 1433 2032 1495 hoc
2057 1452 2261 1494 numo
2284 1431 2766 1516 intelliguntur,
2821 1451 3101 1515 quarum
3127 1433 3189 1495 se
3227 1454 3422 1517 prae-

288 1531 650 1616 perantiae
694 1526 1240 1592 Commodianae
1280 1528 1672 1591 desiderium
1730 1540 1820 1588 te·
1901 1517 2066 1591 [idio
2098 1529 2421 1591 Pertinax
2459 1528 2529 1590 in
2554 1530 2742 1592 aditu
2772 1529 3040 1614 imperii
3080 1547 3419 1594 commen-

291 1625 507 1702 nuit‚·
539 1623 865 1702 offendit,
916 1645 1204 1709 quorum
1232 1641 1392 1709 pars
1425 1636 1698 1709 repente
1722 1621 1824 1685 fa·
1905 1626 2047 1691 dat.

295 1734 414 1783 cto
452 1723 723 1805 agmine
773 1722 843 1782 in
900 1722 1228 1806 palatium
1264 1715 1524 1794 irruit,
1578 1720 1826 1804 princi·
2460 1774 2491 1807 n
2641 1721 2672 1756 *¹

295 1836 601 1904 pemque
649 1817 746 1879 nil
784 1816 921 1878 tale
980 1821 1369 1902 opinantem
1437 1817 1826 1879 vulneribus
2200 1819 2438 1882 Amica
2490 1822 2745 1883 incerta.

206 1973 211 1976 Α
298 1913 399 1977 ad
454 1924 747 1976 mortem
800 1912 1073 1976 conficit
1124 1917 1207 1977 V.
1274 1913 1558 1977 Kalend.
1609 1913 1826 1996 April.
1906 1914 2076 1979 DIS.
2118 1912 2757 1980 GENITORIBVS.
2839 1916 3047 2000 Cybele
3089 1919 3329 1983 turrita
3368 1927 3428 1982 et

300 2012 389 2074 V.
440 2006 520 2072 C.
569 2005 732 2087 946.
812 2013 902 2071 At
939 2010 1230 2094 populus
1280 2023 1644 2094 patresque
1679 2028 1828 2070 cae·
1905 2012 2110 2076 velata
2145 2010 2210 2075 d.
2246 2019 2533 2092 pateram
2554 2012 2747 2095 super
2807 2034 2986 2076 oram
3026 2016 3328 2090 extendit,
3362 2016 3428 2101 s.

298 2105 448 2168 sum
504 2116 742 2167 tantae
783 2106 1051 2169 virtutis
1097 2109 1316 2170 virum
1343 2152 1364 2182 ,
1417 2108 1614 2187 eique
1663 2117 1829 2166 tem·
1908 2107 2195 2191 templum
2226 2114 2421 2177 tenet
2467 2129 2589 2190 pro
2634 2107 2897 2191 pedibus
2936 2110 3171 2193 puellus
3226 2115 3433 2176 mani-

298 2202 463 2288 pori
500 2199 950 2263 necessarium
982 2202 1434 2288 indignissime
1464 2202 1663 2285 tulit,
1713 2221 1830 2284 pa·
1911 2201 2030 2268 bus
2066 2204 2282 2276 elatis,
2335 2211 2396 2263 et
2427 2204 2927 2289 msstensglobo
2982 2204 3117 2268 AE.
3154 2205 3424 2314 1.(13a17

2818 1775 2850 1810 G

305 2299 573 2381 tuitque
612 2295 727 2359 hic
759 2294 1066 2360 adfectus
1119 2297 1354 2385 paullo
1410 2295 1597 2380 post,
1681 2316 1834 2359 cum

306 2392 752 2457 referendum
790 2393 859 2453 in
903 2395 1182 2457 deorum
1214 2412 1565 2456 numerum
1616 2393 1834 2455 censu-

309 2510 453 2564 ere,
502 2508 590 2552 ac
629 2487 870 2570 serina,
944 2510 1096 2553 curn
1159 2491 1447 2553 Severus
1509 2492 1653 2570 ejus
1707 2490 1834 2551 vir-

304 2599 531 2650 mtum
554 2584 1031 2649 recordatione
1052 2589 1441 2652 Pertinacem
1460 2585 1523 2647 se
1542 2583 1677 2649 dici
1697 2588 1835 2670 pal·-

308 2682 414 2744 l'us
466 2679 593 2758 est,
661 2679 916 2743 habitis
955 2681 1225 2767 publice
1277 2684 1415 2763 ejus
1465 2685 1835 2747 memoriae

309 2777 715 2844 honoribus.
767 2778 940 2842 Vide
972 2781 1295 2864 Dionem,
1346 2779 1835 2865 Herodianum,

320 2871 811 2957 Capitolinum.

300 3067 379 3133 st
418 2972 613 3035 onr
652 2971 958 3052 Titiana,
1009 2972 1096 3037 de
1131 2992 1321 3057 qua,
1374 2984 1443 3037 et
1471 2972 1703 3039 liberis
1737 2974 1839 3036 in-

382 3088 452 3134 a.

648 3259 734 3325 V.
790 3260 857 3326 C.
909 3264 1065 3347 946.
1122 3265 1198 3330 P.
1248 3261 1337 3329 X.
1390 3286 1527 3346 193.

316 3356 577 3425 CAES.
614 3356 849 3422 AVG.
894 3360 1029 3426 ΤΕ.
1088 3360 1170 3424 Ρ.
1237 3361 1418 3426 Cos.
1464 3363 1567 3428 II.
1614 3365 1693 3429 P.
1732 3365 1833 3429 M.

316 3458 398 3544 Q.
419 3455 596 3545 Sosio
636 3457 936 3535 Falcone,
991 3456 1058 3522 C.
1084 3455 1208 3521 Iut.
1238 3459 1479 3522 Erucio
1514 3458 1697 3525 Claro
1723 3461 1834 3548 cos

306 3642 411 3717 A.
602 3648 795 3714 ΙΜΡ.
817 3647 1062 3712 CAES.
1090 3649 1164 3716 P.
1188 3649 1455 3715 HELV.
1480 3650 1835 3719 PERTlN.

610 3743 829 3814 AVG.
915 3745 1118 3829 Caput
1162 3747 1509 3814 laureatum
1551 3751 1618 3811 in
1665 3748 1833 3814 AV.

606 3841 766 3907 AR.
808 3844 877 3905 in
920 3841 1069 3907 AE.
1113 3845 1212 3910 II.
1256 3847 1442 3908 etiam
1490 3845 1833 3910 radiatum.

606 3936 796 4001 IMP.
865 3934 1122 4005 CAES.
1191 3940 1267 4004 P.
1320 3942 1584 4005 HELV.
1636 3942 1835 4005 PER-

610 4034 922 4097 TINAX.
960 4034 1167 4100 AVG.
1237 4037 1438 4123 Caput
1487 4042 1839 4104 laureatum

605 4133 678 4195 in
717 4132 866 4198 AE.
899 4152 1075 4198 max.
1110 4132 1270 4198 mod.
1322 4145 1381 4199 et
1415 4135 1563 4200 AE.
1601 4139 1665 4203 Ι.
1707 4134 1813 4204 ΙΙ.

302 3932 400 4007 Β.

620 4325 716 4391 Vt
749 4325 855 4392 ut.
884 4279 989 4393 ”Α.
1022 4324 1120 4389 vet
1150 4279 1273 4391 Β.’

298 4422 489 4492 DIS.
526 4419 1118 4488 CVSTODIBVS.
1170 4421 1405 4488 Mulier
1406 4424 1586 4511 stans
1621 4421 1683 4490 d.
1715 4445 1835 4510 gu·

1914 2298 2049 2361 dini
2096 2298 2278 2380 apud
2330 2295 2531 2360 Vaill.
2565 2297 2942 2377 Tom.11)

2014 2398 2158 2457 lam
2200 2402 2268 2453 et
2296 2393 2420 2455 diis
2448 2393 2844 2477 genitoribus
2880 2396 2942 2458 l'e
2993 2398 3431 2459 commendat

1912 2491 2236 2553 Pertinax
2265 2534 2285 2564 ,
2344 2509 2426 2550 ex
2461 2489 2703 2573 quibus
2740 2494 3009 2554 unicam
3046 2491 3158 2554 hic
3212 2492 3433 2575 Cybe-

1912 2586 2020 2649 len
2045 2635 2064 2664 ‚
2119 2604 2408 2667 eamque
2435 2585 2941 2651 vetustissimam
2967 2635 2987 2665 ‚
3041 2590 3435 2674 Matremque

1915 2685 2091 2748 deum
2134 2681 2341 2766 vulgo
2374 2683 2793 2768 appellatam
2849 2685 3193 2772 proponit.
3293 2689 3434 2749 Ad-

1917 2779 2086 2844 stans
2125 2777 2389 2866 puellus
2439 2799 2522 2841 ex
2556 2793 2788 2843 eorum
2828 2781 3009 2844 haud
3070 2779 3272 2844 dubie
3308 2801 3434 2844 nu-

1914 2897 2107 2940 mero
2131 2877 2283 2955 erit,
2336 2887 2621 2959 quorum
2644 2878 2762 2942 illa
2792 2878 3082 2963 genitrix
3110 2878 3246 2941 dici
3277 2897 3433 2963 pro·

1914 2974 2177 3039 meruit.

2646 3069 2678 3102 ἢ

2213 3165 2309 3232 Vt
2337 3162 2430 3231 tit.
2470 3157 2574 3233 A.
2671 3155 2676 3160 '
2857 3201 2864 3210 ·

1913 3258 2975 3329 IANO.CONSERVAT.1anus
3006 3261 3432 3350 bifrons-stans

1915 3360 1979 3425 d.
2021 3357 2276 3444 hastam.
2327 3359 2478 3422 AR.
2533 3358 2736 3444 (Mus.
2777 3359 3007 3439 Caes.)

2013 3459 2249 3518 lanum
2300 3453 2510 3517 modo
2565 3454 2887 3516 Pertinax
2947 3454 3432 3538 conservatorem

1917 3551 2103 3613 suum
2137 3548 2477 3635 appellat,
2530 3561 2934 3634 poteratque
2970 3549 3058 3610 ab
3113 3548 3245 3610 hoc
3290 3567 3427 3610 non

1914 3647 2318 3711 inficiandus
2391 3645 2650 3721 videri,
2751 3644 3074 3728 quoniam
3143 3661 3227 3705 eo
3285 3644 3474 3730 ipso·

1916 3755 2267 3853 ternpore,
2321 3761 2457 3825 quo
2494 3753 2741 3803 annum
2782 3744 2978 3803 lanus
3001 3741 3253 3825 aperit,
3306 3744 3425 3803 im-

1914 3842 2180 3926 perium
2220 3838 2599 3924 auspicatus
2623 3834 2752 3912 est,
2807 3857 2983 3919 quae
3005 3838 3208 3898 etiarn
3246 3836 3431 3901 haud

1918 3936 2129 3999 dubia
2176 3935 2335 3999 lecti
2367 3933 2562 4017 hujus
2594 3934 2746 4019 typi
2790 3932 2991 3997 causa
3031 3934 3316 4000 videtur.

2218 4128 2309 4195 Vt
2348 4123 2444 4193 tit.
2481 4133 2570 4195 B.

1914 4227 2092 4295 LIB.
2137 4224 2343 4291 AVG.
2380 4226 2526 4288 ΤΗ.
2568 4225 2639 4290 P.
2677 4219 2864 4291 COS.
2904 4224 2991 4292 11.
3047 4222 3113 4288 S.
3164 4220 3237 4286 C.
3290 4221 3431 4287 Im..

1906 4333 2173 4411 perator
2188 4321 2406 4412 sedem
2440 4324 2507 4386 in
2517 4323 2810 4410 suggssu
2845 4321 3236 4410 congiarium
3275 4321 3430 4386 divi-

1914 4424 2033 4490 dit.
2089 4421 2230 4486 AE.
2279 4419 2331 4484 1.
2386 4420 2623 4506 (vain.
2669 4420 2838 4484 Mur.
2902 4416 3326 4500 Christinae.)

390 4637 454 4702 a)
499 4632 573 4689 de
609 4629 760 4687 Fort-
797 4632 961 4692 Rom.
