4242 5459
1112 543 1965 622 ALEXANDER
2045 487 2700 621 ‘SEVERVS
3328 535 3471 633 ’.δὲ

346 747 751 814 Alexandri
757 756 953 811 natus
984 697 1159 814 estet.
1199 751 1254 823 ²)
1309 745 1737 810 Probabilius
1774 745 1872 808 vi-

349 847 583 921 detur,
634 846 816 929 quod
858 857 1091 906 narrat
1129 844 1562 906 Herodianus
1584 830 1686 920 ᾖ)
1738 842 1871 925 pri-

349 961 667 1010 maevum
707 940 805 1003 illi
835 959 1080 1005 nomen
1116 937 1304 1002 fuiffe
1348 938 1680 1014 Alex-iani,
1735 957 1872 1021 quo

346 1037 624 1102 nomine
659 1034 791 1099 fuit
832 1056 1043 1110 avuS,
1098 1038 1350 1098 dictum
1395 1034 1670 1097 subinde
1722 1035 1872 1100 Ale·

306 1154 310 1157 ’
346 1135 709 1209 andrum,
763 1145 838 1194 ut
875 1134 1120 1194 certius
1143 1129 1508 1194 haberetur
1540 1129 1718 1191 iilius
1743 1129 1871 1193 Ca·

348 1229 694 1307 racallae,
747 1228 866 1312 qui
912 1227 1285 1304 Alexandri
1335 1227 1429 1290 M.
1470 1224 1589 1290 fibi
1628 1246 1875 1291 nomen

353 1326 625 1408 adjecit.

454 1422 557 1487 M.
596 1418 921 1485 Aurelius.
971 1420 1164 1484 Haec
1219 1420 1501 1484 nomina
1541 1420 1754 1484 traxit
1788 1417 1877 1482 ab

349 1519 731 1602 adoptante
771 1515 1197 1600 Elagabalo,
1251 1529 1324 1579 ut
1354 1527 1568 1602 patet.

449 1612 746 1678 Severus,
799 1612 990 1675 Binis
1055 1612 1227 1675 locis
1272 1612 1518 1677 adserit
1556 1609 1877 1698 Lampri-

352 1710 550 1786 dius»,
588 1706 646 1788 θ)
700 1707 936 1771 Severi
961 1728 1209 1772 nomen
1247 1707 1640 1772 Alexandro
1667 1729 1707 1772 a
1750 1710 1876 1770 mi-

351 1805 584 1870 litibus
614 1805 843 1867 datum
880 1803 969 1866 ob
1012 1806 1350 1890 ingentem
1389 1804 1690 1898 vigorem
1735 1805 1876 1868 ani-

352 1904 448 1966 mi
487 1913 725 1963 contra
760 1899 1046 1964 militum
1087 1900 1534 1965 insolentiam.
1587 1897 1874 1964 laudm

353 1998 620 2084 figniter
650 1994 920 2063 falsum.
1014 1997 1161 2060 Iam
1236 1998 1414 2059 enim
1466 1996 1667 2080 primi
1724 1995 1880 2058 Ale·

295 2177 302 2180 v
351 2091 917 2176 atandri-Augusti
957 2095 1143 2155 numi
1174 2091 1407 2155 Severi
1435 2110 1683 2154 nomen
1724 2110 1880 2154 eon·

359 2188 597 2253 stanter
669 2189 966 2266 addunt,
1056 2210 1191 2272 quo
1261 2202 1572 2272 tempore
1626 2186 1884 2249 nullum

283 2275 292 2284 ’
359 2287 582 2350 adhuc
618 2283 996 2349 severitatis
1033 2286 1515 2348 documentum
1545 2279 1884 2367 praestare

357 2382 603 2468 potuit.
653 2380 758 2444 Ex
800 2401 937 2465 quo
980 2383 1345 2462 doeemur,
1416 2376 1883 2441 Alexandrum

1955 741 2598 807 LIBERALITAS.
2637 741 3077 808 AVGVSTI.
3120 744 3489 829 Imperator

1956 840 2070 905 dat
2106 839 2344 924 populo
2386 841 2797 923 congiarium.
2878 843 3025 905 AF..
3067 861 3251 905 max.
3292 843 3504 907 mod.·

1955 937 2303 1023 (Harduin
2345 935 2527 1020 Opp
2572 936 2684 1000 sel.
2722 957 2790 1020 p.
2830 934 3027 1020 819.)

2007 1033 2019 1050 ¹
2251 1031 2485 1095 Eadem
2521 1032 2798 1110 adversa.
2820 1053 2855 1078 ·

1955 1129 2035 1194 P.
2057 1130 2159 1196 M.
2177 1128 2324 1190 TR.
2344 1129 2419 1192 P.
2446 1128 2596 1190 Vll.
2634 1126 2826 1190 COS.
2857 1127 2943 1191 11.
2965 1128 3042 1192 P.
3072 1127 3143 1193 Ρ.
3194 1113 3501 1215 Impera-

1958 1235 2066 1290 tor
2099 1232 2245 1288 ante
2294 1222 2580 1308 templum
2602 1224 2970 1313 sacrificans
3004 1246 3139 1291 cum
3195 1228 3486 1311 pluribus

1940 1323 2208 1411 figuris.
2262 1320 2402 1385 AE.
2437 1339 2619 1383 max.
2658 1322 2843 1386 mod.
2877 1322 3089 1408 (Mus.
3124 1320 3435 1404 Albani.)

2248 1419 2488 1484 Eadem
2513 1416 2794 1505 adversa.

1959 1515 2033 1577 P.
2072 1515 2173 1577 Μ.
2224 1516 2371 1578 TR.
2411 1514 2490 1576 P.
2538 1512 2724 1586 vlu
2766 1511 2954 1580 COS.
2981 1512 3103 1584 111.
3123 1515 3197 1579 Ρ.
3234 1516 3308 1578 Ρ.
3370 1516 3487 1583 Vi·

1959 1615 2163 1676 storia
2220 1613 2288 1676 in
2327 1608 2665 1695 quadrigis
2729 1608 3232 1696 triumphalibus.
3346 1613 3481 1677 ΑΕ.

1958 1727 2144 1772 max.
2186 1708 2372 1772 mod.
2417 1707 2630 1792 (Num
2673 1726 2858 1772 mair.
2908 1709 3094 1777 mod.
3133 1728 3274 1795 reg.
3300 1706 3482 1773 Gall.

1954 1804 2099 1869 tab.
2139 1824 2252 1869 22.
2265 1802 2293 1884 )

2056 1901 2166 1963 Ex
2198 1902 2301 1964 his
2339 1920 2589 1965 numus
2638 1904 2837 1986 prior
2886 1901 3074 1965 hand
3137 1902 3343 1967 dubie
3397 1904 3491 1966 ad

1964 2015 2216 2059 annum
2259 1997 2308 2059 1.
2342 1999 2739 2080 imperantis
2777 1999 3153 2063 Alexandri
3177 2000 3491 2083 pertinet,

1966 2093 2129 2174 quia
2169 2091 2605 2158 Liberalitati
2638 2105 2952 2156 numerus
2990 2114 3129 2158 non
3181 2096 3493 2168 additur;

1966 2187 2140 2248 alter
2179 2186 2265 2249 est
2305 2190 2463 2251 anni
2502 2191 2580 2251 V.
2648 2188 2727 2251 C.
2782 2202 2965 2269 931,
3032 2191 3269 2252 tertius
3326 2204 3490 2272 982.

1965 2284 2343 2368 Vtrumque
2377 2285 2585 2348 etiam
2619 2285 2730 2350 Pia·
2766 2285 2985 2350 Felicis
3025 2284 3295 2348 titulum
3331 2304 3489 2350 con·

1959 2381 2264 2460 junctum
2333 2380 2619 2464 legimns
2678 2383 2744 2443 in
2804 2380 3261 2445 marmoribus
3344 2386 3491 2474 jam

359 2498 496 2541 una
554 2497 706 2542 cum
770 2476 1044 2562 Augusti
1094 2476 1294 2540 titulo
1341 2473 1576 2538 Severi
1636 2493 1888 2537 nomen
1965 2474 2033 2536 in
2076 2475 2226 2538 TR.
2273 2474 2482 2539 POT.
2534 2476 2683 2541 v11.
2699 2466 2801 2564 ἆ)
2856 2491 2923 2540 et
2973 2479 3042 2540 in
3085 2478 3232 2542 TR.
3278 2465 3492 2546 POT.

363 2575 736 2661 adoptasse.
803 2574 966 2657 Ejus
1001 2573 1240 2637 causa
1221 2593 1289 2638 in
1312 2581 1653 2657 promptu.
1707 2570 1886 2633 Nam
1966 2570 2089 2633 111.
2135 2568 2195 2652 θ)
2251 2573 2410 2654 quin
2443 2584 2511 2634 et
2543 2572 2612 2634 in
2648 2571 2787 2657 ipso
2828 2574 3017 2637 aditu
3068 2575 3337 2659 imperii
3400 2575 3491 2638 se·

358 2691 557 2750 cum,
626 2681 701 2733 ut
749 2671 948 2734 initio
1003 2672 1304 2756 dictum,
1356 2664 1762 2732 caracallae
1803 2665 1886 2729 fi-

355 2766 488 2830 lius
520 2765 758 2831 haberi
793 2767 1129 2845 voluerit,
1185 2786 1266 2828 eo
1298 2767 1444 2847 jure
1496 2761 1734 2826 Severi
1771 2783 1885 2826 ne-

355 2865 488 2975 poa
527 2863 895 2928 necessario
943 2862 1096 2927 fuit.
1137 2862 1361 2947 Igitur
1417 2858 1508 2924 ab
1568 2880 1704 2923 avo
1759 2879 1884 2944 pro

359 2963 502 3044 ejus
548 2961 796 3023 aetatis
835 2957 1153 3044 exemplo
1215 2976 1463 3021 nomen
1503 2953 1620 3017 fibi
1665 2957 1883 3042 impo-

352 3057 503 3124 suit.
586 3056 669 3118 Et
705 3057 903 3134 sane,
956 3068 1031 3119 ut
1070 3053 1244 3120 alias
1280 3055 1559 3129 dictum,
1611 3072 1747 3115 non
1780 3072 1883 3115 ra·

354 3172 439 3216 ro
473 3154 542 3216 in
581 3152 1041 3217 marmoribus
1087 3150 1323 3235 Magni
1372 3147 1775 3211 Caracallae
1792 3150 1883 3236 fi-

355 3249 526 3332 lius,
578 3260 643 3312 et
678 3250 895 3315 Severi
926 3269 1117 3335 nepos
1166 3244 1577 3331 appellatur.
1697 3242 1880 3328 Quid

356 3346 548 3430 quod
611 3349 889 3431 propius
939 3345 1108 3409 illud
1168 3363 1210 3405 a
1261 3354 1454 3427 patre
1516 3334 1881 3401 Caracalla

349 3441 629 3505 trahere
663 3445 922 3527 potuit,
974 3443 1084 3505 cui
1121 3439 1353 3504 Severi
1386 3453 1656 3520 quoque
1687 3432 1878 3498 fuiss'e
1950 3434 2123 3497 ximi
2160 3434 2459 3511 moduli,

351 3558 658 3616 nomen,
709 3538 823 3601 suo
865 3540 1023 3603 loco
1069 3537 1392 3601 diximus.

454 3635 652 3712 Pius,
707 3635 912 3701 Felix.
968 3639 1343 3716 Vtrumque
1381 3628 1562 3692 huno
1602 3625 1875 3691 titulum

350 3731 511 3797 satis
551 3746 816 3796 mature
854 3731 1245 3797 Alexandro
1298 3727 1603 3790 tribuunt
1650 3725 1876 3802 numi,

351 3829 470 3891 sed
522 3830 892 3916 perpauci,
962 3830 1147 3912 iique
1202 3823 1566 3902 rarissimi,
1640 3839 1878 3884 omnes

356 3928 644 3989 maximi
696 3924 984 4008 moduli.
1035 3926 1133 3986 En
1167 3921 1364 3985 illos:

645 4023 837 4086 IMP.
876 4020 1123 4086 CAES.
1159 4019 1253 4085 M.
1297 4016 1507 4081 AVR.
1557 4013 1744 4078 SEV.
1790 4015 1883 4074 A·

644 4117 1171 4181 LEXANDER.
1268 4113 1493 4178 Ptvs.
1585 4109 1880 4176 FELIX.

640 4217 762 4280 AV
776 4213 860 4279 G.
912 4214 1113 4299 Caput
1141 4210 1515 4276 laureatum.

915 4417 1009 4503 ‘bt
1049 4451 1113 4503 1..
1154 4451 1224 4503 V.
1262 4465 1311 4502 e.
1351 4464 1400 4513 7.

889 4522 932 4587 t)
971 4521 1166 4576 Gruter
1197 4536 1260 4592 p.
1299 4525 1452 4587 2078·
1488 4524 1541 4579 8·

1593 4449 1644 4520 e)
1685 4449 1831 4523 Cap,
1871 4439 2048 4503 iaset
2091 4462 2181 4519 25,

1967 2668 2259 2730 cundum
2302 2680 2524 2731 certas
2580 2682 2779 2733 notas
2813 2668 3381 2757 chronologicaS.
3409 2674 3491 2742 Ρ.

1963 2763 2065 2829 M.
2094 2765 2246 2825 TR.
2292 2765 2367 2829 P.
2410 2762 2600 2831 COS.
2632 2768 2703 2831 P.
2739 2767 2815 2829 P.
2857 2756 2908 2850 ἲ)
2960 2768 3165 2831 Numi
3199 2769 3493 2832 Alexan·

1964 2861 2140 2923 drini
2176 2860 2552 2939 ΕΤΕΕΒες,
2606 2864 2752 2929 ΡΙΙ
2781 2863 3049 2927 titulum
3089 2875 3233 2946 jam
3274 2865 3341 2926 in
3374 2886 3492 2928 nu-

1962 2957 2088 3020 mis
2131 2976 2284 3019 cum
2324 2977 2505 3021 anno
2548 2960 2603 3023 Δ
2643 2957 2991 3024 ostentant.
3061 2965 3151 3024 At
3213 2963 3283 3026 in
3339 2963 3495 3024 reli-

1962 3074 2098 3137 quo
2139 3054 2418 3138 copioso
2460 3075 2815 3119 numorum
2868 3057 3246 3120 Alexandri
3281 3059 3494 3144 agmi-

1957 3168 2042 3210 ne
2082 3149 2224 3212 alia
2259 3149 2372 3211 lex
2413 3149 2730 3216 obtinuit.
2816 3153 2907 3216 Et
2960 3155 3046 3215 ad
3087 3151 3495 3217 Pii‘nomen

1959 3245 2144 3326 quod
2189 3246 2473 3322 attinet,
2526 3247 2594 3307 in
2632 3247 2815 3309 nullo
2853 3247 2993 3310 alio
3041 3252 3495 3334 cujuscunque

1957 3338 2218 3401 metalli
2243 3339 2353 3399 seu
2387 3339 2699 3422 formae,
2754 3342 3047 3426 demptis
3071 3344 3310 3426 paucis
3348 3365 3489 3406 ma·

2524 3434 2693 3497 illud
2742 3439 3044 3519 reperias
3107 3450 3265 3498 ante
3316 3437 3486 3502 trib.

1953 3528 2355 3615 potestatem
2398 3532 2481 3603 X,
2513 3578 2533 3608 ,
2588 3530 2697 3596 seu
2734 3550 2985 3594 annum
3029 3535 3118 3595 V·
3159 3529 3236 3596 C.
3311 3544 3488 3613 984,

1957 3646 2039 3690 ac
2077 3638 2218 3689 tum
2264 3628 2537 3709 quidem
2604 3627 2675 3688 in
2725 3638 3079 3708 ,monetam
3138 3627 3490 3693 inductum

1955 3744 2091 3787 non
2117 3722 2413 3807 amplius
2443 3724 2769 3808 deinceps
2791 3721 3151 3802 omittitur,
3194 3725 3494 3812 demptis

1955 3821 2179 3884 numis
2214 3818 2479 3902 aliquot
2522 3831 2642 3883 aut
2673 3818 3193 3898 [emibarbari3,
3244 3835 3366 3886 aut
3405 3823 3490 3887 de

1955 3918 2462 4004 permutatione
2503 3918 2866 3980 matricum
2904 3915 3243 4001 suspecti&
3297 3923 3389 3982 At
3406 3919 3492 3983 ti·

1957 4013 2139 4076 tulus
2173 4013 2431 4088 Felicis,
2479 4013 2519 4075 fi
2552 4016 2800 4076 citatos
2842 4013 3188 4078 maximae
3222 4012 3495 4079 formae

1959 4130 2205 4173 numos
2253 4113 2540 4188 demae,
2593 4112 2661 4174 in
2716 4108 2901 4173 nullo
2955 4109 3093 4172 alio
3153 4111 3258 4174 feu
3312 4132 3505 4176 com·-
3550 4111 3557 4118 ’

1959 4209 2163 4270 matis
2227 4208 2567 4285 Romani,
2657 4206 2765 4270 seu
2831 4208 3164 4293 peregrini
3226 4208 3491 4294 legitur.

2353 4445 2417 4516 d)
2455 4445 2728 4504 Muratori
2760 4463 2822 4520 p.
2854 4463 2979 4519 459.
3014 4459 3070 4510 4.
3210 4447 3269 4517 e)
3305 4443 3508 4500 Gruter

2962 4587 3096 4653 Nn
