4242 5459
990 561 1691 643 PRINCIPES
1788 561 2556 643 PALMYRAE'.

3194 586 3352 659 489·

1906 718 1925 743 2

232 772 349 858 qui
390 789 509 835 eos
555 767 759 854 primi
794 767 1105 832 examini·
1158 767 1536 850 subjecere,
1605 780 1769 832 ante
1835 768 2247 853 Procopium
2293 768 2616 853 princeps
2654 765 3189 844 Saracenorum,
3240 768 3369 852 qui-

234 887 457 934 annos
499 885 638 929 non
670 864 921 929 multos
955 865 1161 927 trium
1197 863 1544 951 insignium
1583 866 1762 928 viro·

230 983 385 1030 rum
435 960 947 1026 lucubrationes
1006 962 1098 1025 ad
1139 960 1269 1025 hos
1318 960 1764 1047 explicandos

229 1078 476 1123 numos
529 1076 664 1121 uno
721 1055 867 1120 fere
929 1070 1238 1143 tempore
1299 1057 1521 1120 editas
1591 1058 1762 1119 vidi·

233 1174 413 1231 mus,
463 1153 516 1217 1.
551 1153 810 1216 Erasmi
845 1153 1213 1217 Froelichii
1232 1141 1591 1246 defamilia
1628 1151 1766 1220 Va-

233 1247 474 1318 balathi
527 1252 741 1314 numia
782 1248 1090 1337 illustrata
1144 1250 1525 1336 opusculum,
1579 1250 1764 1332 quod

234 1348 304 1411 in
363 1342 630 1408 illustris
689 1348 831 1425 ejus
891 1346 1026 1409 viri
1101 1345 1365 1409 schedis
1421 1358 1760 1428 repertum

232 1452 528 1527 quatuor
592 1437 741 1525 post
799 1442 997 1504 annis
1031 1487 1052 1519 ,
1106 1461 1193 1504 ex
1253 1459 1390 1526 quo
1455 1443 1514 1503 is
1581 1441 1761 1503 diem

235 1536 452 1612 obiit,
501 1535 809 1600 Khellius
863 1538 1048 1621 typis
1108 1536 1520 1621 vulgandum
1570 1555 1761 1599 cura-

232 1633 337 1695 vit
373 1629 829 1694 vindobonae
877 1634 1081 1710 1762.
1136 1632 1221 1696 11.
1271 1629 1760 1695 EduardiCor-

228 1725 373 1789 sinii
403 1725 707 1812 epistolam
740 1725 814 1790 de
833 1726 1132 1791 Hermiae
1157 1726 1226 1792 V
1222 1724 1507 1791 abalanti
1532 1730 1760 1799 naamis,

228 1825 529 1908 imperio,
583 1831 770 1906 atque
802 1830 1045 1899 aetate,
1097 1820 1369 1888 Liburni
1407 1825 1598 1907 1761:
1638 1821 1759 1885 111.

230 1917 575 1982 Pellerinii
643 1915 849 1999 Reges
910 1917 1249 2000 Palmyrae
1281 1964 1300 1994 ,
1376 1921 1447 1980 in
1504 1937 1753 2002 opere:

230 2012 481 2082 Recueil
521 2013 629 2086 des
676 2012 974 2076 mldailles
1007 2013 1081 2078 de
1121 2012 1280 2078 Rois
1316 2031 1476 2096 pag.
1523 2034 1645 2096 ¹⁵7
1695 2032 1756 2073 e-

231 2112 379 2173 dito
414 2105 684 2169 Parisiis
728 2110 933 2187 2762.
986 2108 1247 2169 Horum
1288 2104 1760 2171 commentarii

128 2271 133 2275 ,
231 2224 368 2269 non
412 2204 621 2265 modo
655 2202 723 2263 in
764 2203 987 2288 pretio
1022 2202 1322 2266 habendi
1366 2213 1759 2287 propterea,

231 2300 419 2386 quod
461 2309 729 2362 remoto
777 2317 822 2360 a
878 2299 1176 2382 partium
1230 2296 1462 2360 studiis
1525 2298 1757 2360 animo

231 2395 457 2480 scripti
491 2393 679 2475 sunt,
725 2413 887 2457 nam
935 2413 1169 2457 eorum
1228 2395 1478 2457 nemini
1531 2393 1615 2455 de
1657 2393 1758 2455 al-

231 2493 441 2558 terius
491 2488 849 2553 conatibus
892 2487 1286 2567 constabat,
1369 2488 1480 2552 sed
1545 2490 1753 2551 etiam

234 2588 423 2674 quod
482 2605 608 2650 nos
664 2583 934 2649 abunde
980 2583 1343 2663 instruunt,
1430 2586 1754 2670 quoniam

232 2686 323 2751 ad
357 2679 821 2746 illustrandam
856 2681 1032 2745 banc
1072 2694 1416 2745 monetam
1482 2701 1753 2745 omnem

228 2780 733 2848 contentionem
755 2778 1064 2855 attulere,
1118 2791 1187 2840 et
1208 2791 1438 2841 tamen
1462 2778 1751 2863 plerum·

233 2897 364 2965 que
387 2872 751 2961 confugere
773 2875 862 2937 ad
895 2877 1316 2956 conjecturas
1338 2876 1563 2937 coacti
1582 2874 1750 2952 sunt,

233 2977 319 3037 de
370 2967 765 3034 illustrando·
807 2970 1103 3056 amplius
1166 2969 1300 3033 hoc
1348 2964 1765 3055 argumento‘

232 3067 733 3155 desperandum
773 3067 972 3130 nobis
1008 3065 1179 3150 ess'e,
1226 3064 1338 3127 nisi
1391 3066 1541 3128 dies
1582 3065 1748 3131 olim

232 3160 633 3229 certioribus
676 3182 798 3225 nos
834 3159 1184 3248 praesidiis
1221 3158 1514 3225 instruat.
1568 3160 1747 3242 Qua·

230 3282 304 3326 re
346 3259 502 3323 satis
545 3256 866 3336 habebo,
916 3259 1159 3320 horum
1208 3257 1436 3319 varias
1486 3258 1746 3340 opinio-

226 3377 385 3437 nes,
437 3353 736 3431 additis,
789 3354 904 3416 ubi
944 3352 1195 3439 necesse
1228 3353 1530 3427 duxero,
1585 3354 1753 3414 meis

157 3448 163 3453 ’
228 3449 653 3530 observatis,
704 3450 941 3535 paucis
984 3466 1568 3522 commemorare,
1637 3466 1747 3509 ne·

226 3548 467 3636 glectis
509 3557 741 3609 tamen
782 3543 1179 3631 plerumque
1240 3542 1554 3606 inanibus
1612 3542 1747 3607 sen·

226 3644 499 3720 tentiis,
552 3661 724 3725 quas
761 3652 1033 3705 veteres
1068 3641 1233 3705 artis
1280 3636 1543 3703 nostrae
1597 3659 1751 3703 ma-

223 3737 403 3828 gistri
451 3760 535 3803 ex
565 3740 801 3824 iniqua
858 3737 1362 3821 inscriptionum
1415 3735 1748 3813 lectione,

225 3850 349 3902 aut
385 3836 571 3921 quod
619 3834 873 3900 Goltzii
911 3846 1298 3897 commenta
1330 3831 1588 3913 aliquid
1619 3831 1746 3895 effe

220 3932 607 4019 putabant,
660 3933 969 4010 attulere,
1021 3950 1198 4013 quae
1223 3929 1335 4013 qui
1376 3928 1587 4001 volet,
1625 3947 1744 4013 po·

222 4028 385 4092 terit
416 4045 503 4089 ex
534 4025 819 4091 laudata
850 4024 1127 4090 Corfinii
1162 4023 1450 4113 epistola.
1475 4043 1743 4108 capere.

322 4216 786 4285 oDENATH
789 4215 927 4280 VS
966 4175 1376 4283 “Secundum
1405 4215 1738 4283 Zosimum

1834 864 2254 950 Euphratem
2275 860 2715 940 adcolebant,
2744 864 3048 948 captoV.
3068 860 3146 930 C.
3178 877 3362 944 1014

1835 962 1907 1026 P.
1951 962 2033 1023 X.
2090 961 2219 1024 261
2272 981 2318 1024 a
2367 957 2578 1022 Persis
2624 958 3031 1037 Valeriano,
3099 974 3360 1025 eorum-

1840 1077 1970 1141 que
2024 1075 2180 1142 rege
2243 1056 2504 1140 Sapore
2563 1055 2691 1119 toti
2751 1055 3016 1118 Orienti
3078 1055 3363 1136 infesto,

1837 1153 2010 1217 inito
2071 1172 2222 1215 cum
2286 1149 2535 1215 Balista
2592 1149 2944 1237 praefecto
3013 1154 3380 1239 praetor-m

1841 1247 2121 1313 foedere
2171 1248 2512 1334 Saporem
2554 1259 2742 1311 trans
2794 1245 3209 1330 Euphratem
3263 1248 3367 1312 fu·

1840 1357 1998 1430 gat,
2065 1364 2220 1407 eum
2286 1344 2607 1407 continuo
2667 1343 3101 1427 transgressus
3167 1344 3368 1409 Ctesi.

1838 1440 2166 1523 phontem
2211 1439 2423 1524 ipsam
2470 1440 2692 1523 capit,
2743 1439 3238 1527 imperiumque
3300 1445 3368 1507 in
3432 1446 3438 1503 ἑ

1839 1536 2118 1600 Oriente
2160 1536 2421 1620 Sapore
2474 1535 2701 1598 multis
2769 1534 3080 1599 cladibus
3130 1540 3365 1603 attrito
3441 1538 3448 1551 “

1838 1628 2142 1695 restituit.
2204 1629 2552 1694 Gallienus
2591 1645 2747 1695 aeto
2789 1631 3052 1694 Romae
3090 1635 3174 1696 de
3205 1636 3368 1703 Per-

1841 1724 1916 1788 fis
1954 1727 2186 1788 aliena
2216 1727 2467 1788 virtute
2514 1727 2792 1790 domitis
2849 1729 3241 1814 triumpho,
3293 1743 3370 1794 ut

1838 1819 2184 1884 hominem
2233 1822 2318 1884 de
2360 1819 2424 1884 se
2465 1833 2608 1886 tam
2649 1822 3001 1908 praeclare
3050 1827 3369 1891 meritum

1841 1918 2047 2000 digno
2106 1919 2419 2000 praemio
2503 1917 2868 1999 adficeret,
2950 1923 3367 2006 participato

1840 2012 2132 2093 imperio
2161 2009 2522 2093 Augustum
2553 2012 2879 2096 appellat,
2932 2014 3178 2079 Paucis
3215 2017 3364 2102 post

1843 2105 2036 2166 annis
2084 2123 2132 2165 a·
2184 2105 2513 2167 Maeonio
2566 2106 2968 2169 consobrino
3044 2131 3080 2172 e
3137 2116 3365 2179 medio

1840 2198 2100 2262 tollitur
2139 2199 2221 2261 V.
2271 2197 2346 2262 C.
2396 2218 2576 2284 roi9
2629 2201 2700 2267 P.
2738 2202 2818 2264 X.
2855 2204 3036 2282 266,
3101 2206 3215 2269 vel
3266 2208 3365 2273 se·

1843 2308 2111 2379 quente,
2135 2306 2206 2356 ut
2234 2295 2574 2379 colligitur
2593 2317 2678 2360 ex
2701 2299 2919 2360 nurnis
2943 2299 3365 2371 Vaballathi.

1940 2385 2047 2455 Ad
2073 2390 2251 2455 hunc
2274 2391 2707 2456 Odenatbum
2744 2394 3184 2460 verisimiliter
3217 2419 3365 2484 per..

1839 2489 2010 2552 tinet
2051 2507 2355 2551 marmor
2406 2501 2746 2573 repertum
2798 2488 3165 2573 Palmyrae
3208 2541 3228 2571 ‚
3296 2509 3365 2561 et

1840 2580 1984 2669 post
2024 2583 2200 2649 alios
2221 2585 2475 2649 editum
2502 2601 2546 2645 a
2577 2586 3014 2650 Renaudotio
3050 2610 3067 2651 z
3102 2594 3157 2666 ³)
3209 2592 3361 2662 TO.

1834 2678 2333 2747 MNHMCION.
2353 2673 2565 2747 Tor.
2581 2681 3102 2765 TAQCQNOC.
3119 2686 3374 2752 CKTI-

1839 2777 2023 2842 (ΖΕΝ.
2072 2776 2200 2843 ΕΞ,
2244 2778 2509 2841 ΞΔΙΩΝ.
2569 2776 3078 2846 cch1M10C.
3125 2785 3371 2848 OAAl-

1835 2872 2160 2938 NAOOC.
2228 2875 2305 2937 Ο.
2369 2872 3104 2941 AAMIIPOTATOC.
3163 2879 3366 2944 CTN-

1835 2967 2337 3035 KAHTIKOC.
2375 2972 2450 3033 Ο.
2479 2969 2887 3035 ΑΙΡΑΝΟΤ.
2911 2972 3128 3038 TOT.
3155 2977 3370 3040 ΟῬἈι

1836 3066 2357 3130 ΒΑΛΛΑΘΟΤ.
2411 3065 2553 3130 Ηοι·
2570 3077 3020 3132 monumentum
3043 3070 3372 3155 sepulcra-2

1837 3160 1889 3224 le
1912 3159 2072 3245 fecit
2119 3161 2191 3224 de
2223 3161 2337 3237 sua
2366 3164 2628 3244 pecunia
2665 3160 3067 3227 Odaenathus
3097 3169 3202 3229 vir
3234 3166 3364 3231 cler-

1835 3259 2094 3343 rifflmus
2132 3275 2212 3319 ex
2241 3255 2459 3317 ordine
2478 3254 2803 3340 senatorio
2842 3250 3132 3323 Aerauis
3157 3260 3361 3347 filius,

1845 3347 2210 3418 Vaballathi
2266 3368 2475 3433 nepos.
2566 3347 2819 3413 Illuflre
2870 3351 3004 3416 hoc
3059 3372 3364 3420 marmor

1839 3445 2194 3529 complura
2231 3447 2506 3529 egregie
2536 3445 2772 3524 docet,
2824 3466 2908 3511 ac
2959 3449 3011 3514 1.
3059 3451 3376 3531 quidem,⁴

1838 3540 2404 3625 orthographiam
2449 3541 2742 3605 nominis
2801 3545 3372 3625 OAAlNAsfloC,

1838 3657 1962 3723 pro
2004 3655 2141 3721 quo
2197 3636 2566 3722 Eutropius
2643 3636 3004 3718 Οδεναθος,
3060 3640 3364 3706 Zosimus

1841 3733 2209 3810 Οδαναθος,
2260 3732 2635 3817 Procopius
2675 3733 3041 3817 Οᾰοναθης,
3070 3722 3136 3819 1’)
3183 3738 3357 3802 Tre-

1834 3830 2079 3894 bellius
2106 3831 2452 3897 Odenatus.
2495 3829 2661 3891 Item
2688 3831 3361 3903 OTABAAAAQOC

1833 3924 2371 4010 conspirantibus
2421 3943 2572 3987 cum
2602 3924 2736 3991 hac
2778 3925 3114 4012 scriptura
3134 3932 3372 3995 numia

1834 4021 2162 4098 Graecis,
2218 4039 2367 4082 cum
2406 4033 2634 4083 tamen
2674 4021 2883 4087 aliam
2914 4037 3192 4089 teneant
3224 4026 3354 4091 La·
3461 4092 3468 4099 ,

1827 4119 1990 4195 tini,
2044 4130 2114 4180 ut
2161 4112 2565 4181 videbimus.
2618 4117 2706 4184 11.
2743 4120 3069 4185 Additum
3106 4141 3372 4191 nomen

1828 4216 2212 4277 Romanum
2252 4212 2580 4295 Septimii,
2632 4233 2718 4283 ex
2770 4235 2906 4301 quo
2957 4218 3205 4281 mirum
3252 4216 3366 4281 wi·-

208 4311 446 4386 illufiri
486 4314 851 4396 Palmyrae
881 4311 1039 4375 loco
1073 4326 1317 4393 natus,
1381 4313 1738 4378 secundum
1824 4310 1969 4379 deri
2016 4329 2152 4379 non
2192 4307 2431 4388 debet,
2483 4329 2768 4377 uxorem
2815 4332 3087 4397 quoque
3132 4314 3352 4379 Zeno·

282 4516 1242 4594 ⁸)M0m·1³·10'1'11·1³530

311 4592 515 4680 (Vot.
546 4593 754 4679 Vll.)

1450 4521 1507 4590 h)
1544 4520 1699 4589 Bell,
1735 4519 1881 4576 Pers.
1918 4521 1987 4585 L.
2022 4521 2104 4576 11.
2140 4537 2190 4584 c.
2218 4538 2279 4594 5.

2746 4595 2809 4679 Q
2836 4616 2948 4683 <tq
