4242 5459
800 556 894 618 84
1808 535 1886 609 A
1907 535 1982 609 N
2002 533 2078 609 N
2099 533 2231 609 IV
2252 532 2307 607 S

883 733 1065 796 Inter
1094 730 1294 812 hunc,
1349 746 1414 796 et
1449 732 1827 819 sequentem
1868 733 2126 795 versum
2167 754 2303 797 cer-

785 844 858 892 ta
900 827 983 892 est
1022 830 1301 912 lacuna,
1354 849 1567 912 quae,
1622 832 1805 911 quod
1840 831 1927 893 ad
1967 832 2139 892 alias
2165 831 2305 891 Ho-

783 945 895 988 ras
915 925 1229 1009 pertinet,
1264 925 1607 1008 absorpsit.
1654 925 1944 989 Easdem
1976 940 2302 1007 tanquam

787 1019 1051 1083 Cereris
1087 1022 1371 1083 comites
1415 1021 1673 1084 inducit
1709 1021 2171 1086 Callimachus
2217 1020 2302 1082 de

716 1116 916 1178 -hac
946 1114 1213 1198 frugum
1257 1115 1388 1178 dea
1426 1114 1510 1179 fic
1551 1136 1830 1181 canens:
1883 1124 1940 1196 ⁸)

1073 1299 1158 1383 ὥς
1197 1301 1336 1389 ἁμιν
1363 1312 1612 1389 μεγαλα
1648 1313 1789 1387 θεος
1829 1311 2204 1388 ἐυρυανασσα

884 1405 1125 1468 Aevxov
1168 1404 1294 1489 ἐαρ,
1347 1409 1564 1469 λευκον
1605 1405 1668 1468 δε
1710 1408 1921 1491 Θερος,
1974 1425 2077 1469 και
2106 1425 2301 1489 χειμα

1855 1504 2107 1583 φεροισα

879 1594 1072 1673 Heu,
1112 1614 1227 1660 ’και
1279 1598 1688 1682 φθινοπωρον,
1743 1598 1878 1674 ἐτος
1932 1591 1982 1659 δ’
2042 1596 2126 1675 έις
2166 1589 2299 1661 &Ao

1064 1785 1181 1852 'Sic
1214 1784 1395 1852 nobis
1421 1807 1655 1871 magna
1691 1789 1804 1853 dea
1821 1696 2306 1870 ἱζῖαὶῗιὲεναηε

867 1880 1224 1949 ’Candidum
1266 1902 1377 1948 ver
1392 1929 1414 1963 ‚
1479 1884 1803 1949 candidam
1853 1885 2130 1971 aestatem
2151 1929 2172 1963 ,
2243 1894 2305 1949 et
2423 1971 2432 1978 ·

1603 1976 1865 2064 hyemem
1888 1979 2110 2062 ferens

887 2076 1113 2142 Veniet
1135 2123 1155 2153 ‚
1207 2083 1264 2137 et
1311 2082 1702 2158 autumnum,
1765 2086 1824 2141 et
1872 2076 2004 2159 ejus
2035 2095 2297 2158 proven·

1072 2182 1207 2237 tum
1240 2174 1307 2234 in
1338 2165 1527 2234 alium
1562 2170 2102 2261 annumservabit.

874 2364 1236 2449 Eleganter
1288 2362 1533 2426 Graeci
1574 2374 1889 2446 quatuor
1956 2364 2079 2428 has
2135 2366 2297 2430 anni

781 2463 1009 2537 vices,
1084 2456 1126 2520 fi
1187 2460 1411 2522 laetae
1458 2457 1690 2536 fuere,
1774 2481 1907 2522 uno
1953 2462 2295 2529 vocabulo

778 2560 1086 2639 ἐυετηριας
1123 2555 1536 2638 expressere,
1591 2566 1658 2617 et
1690 2553 2039 2620 felicitatis
2079 2556 2296 2640 publi·

776 2672 905 2716 cae
951 2649 1075 2712 esse
1115 2648 1489 2730 symbolum
1533 2648 1908 2712 voluerunt.
1979 2650 2293 2735 Quapro-

781 2759 935 2833 pter
972 2756 1038 2806 et
1073 2744 1248 2806 dixit
1279 2743 1651 2815 Libanius‚
1702 2741 2101 2806 felicitatem
2149 2746 2296 2828 agri

781 2837 1244 2903 Antiochensis
1308 2839 1833 2921 depraedicans·
1898 2827 1963 2921 b)
2050 2832 2189 2913 ὑπερ
2229 2841 2293 2903 δε

780 2953 1064 3013 τοιαυτης
1095 2951 1202 3011 της
1234 2923 1528 3012 ἡμετερας
1570 2952 1682 3010 γης
1704 2926 1766 2995 ἀι
1789 2935 1943 3016 Ωροιι
1981 2954 2296 3014 χορευεσιν

781 3032 1105 3112 ἑμμελως,
1155 3029 1222 3089 in
1261 3029 1376 3091 tali
1413 3026 1524 3090 hoc
1564 3028 1916 3115 nqsirosolo
1955 3032 2107 3094 anni
2142 3040 2294 3096 tem-

724 3207 733 3215 *
770 3127 1032 3214 pestate:
1060 3123 1335 3213 venustas
1366 3121 1595 3188 ducunt
1625 3120 1899 3191 choreas.

1518 3220 1557 3253 ’ἢ

872 3277 887 3298 t
1350 3270 1378 3300 ἢ

786 3315 1129 3400 commatis!
1163 3318 1511 3399 peregrini.

874 3412 1079 3475 Numi
1114 3414 1318 3475 Annii
1356 3412 1515 3474 Veri
1556 3412 1760 3475 etiam
1817 3412 2009 3495 hujus
2066 3412 2295 3478 classis

774 3507 1059 3593 perrari.
1111 3511 1332 3572 Vnum
1358 3507 1539 3571 urbis
1562 3510 1857 3572 incertae
1881 3509 2093 3574 edidit
2110 3510 2295 3574 Vail-

776 3604 1060 3667 lautius:
1110 3602 1358 3687 (Numi
1398 3602 1642 3669 Graec.
1690 3625 1757 3689 p.
1801 3602 1954 3682 62.)

1071 3701 1171 3761 M.
1186 3701 1664 3768 ATPHAIOT.
1688 3699 2289 3766 ΑΝΤΩΝΕΙΝΟΤ.

1048 3795 1255 3856 ΤΙΟΙ.
1311 3794 1536 3876 Capita
1573 3795 1830 3881 adversa
1862 3796 2295 3876 Commodifft

1075 3886 1273 3949 Annii
1287 3889 1603 3972 fratrum.

783 3985 926 4047 AT.
986 3981 1221 4045 KAIC.
1286 3983 1616 4056 ΑὙῬῌΛ.
1688 3986 2287 4053 ΑΝΤΩΝΕΙΝΟΕ.

779 4079 982 4162 Caput
1011 4077 1260 4141 Aurelii
1287 4075 1857 4145 nudum.AE.11.

875 4171 1241 4253 Vtriusque
1273 4173 1479 4234 ctiam
1528 4183 1735 4258 caput
1772 4174 2057 4237 finitur
2041 4197 2106 4238 in
2164 4197 2284 4239 nu-

778 4268 907 4332 mis
954 4265 1285 4352 inscriptis
1328 4269 2144 4348 KABtPnN.CTP1nN.‚
2223 4275 2287 4335 in

779 4381 1063 4445 quorum
1101 4360 1318 4423 altera
1348 4372 1542 4444 parte
1578 4362 1717 4423 sunt
1749 4365 1977 4447 capita
2024 4367 2117 4429 M.
2162 4370 2288 4427 Au-

2409 534 2874 610 VERVS.

2391 736 2563 811 reni,
2617 747 2682 796 et
2723 733 2802 795 L.
2847 734 3006 795 Veri
3037 734 3346 796 laureata
3372 731 3689 812 barbata,
3729 756 3908 812 quos

2391 830 2553 892 olim
2623 829 3066 914 produximus
3139 830 3206 891 in
3257 843 3532 892 moneta
3595 831 3908 913 Tripolis

2387 926 2785 989 Phoenices.
2879 925 3007 987 Sed
3063 926 3344 988 adverte
3395 926 3599 988 etiam
3649 927 3736 987 ad
3779 948 3908 1004 ea,

2389 1040 2566 1104 quae
2594 1022 2680 1083 de
2720 1021 2826 1084 his
2865 1023 3084 1084 numis
3118 1040 3280 1082 mox
3316 1019 3850 1088 observabimus.

3127 1116 3156 1147 Ι

2948 1164 2977 1198 ἡ
3305 1166 3335 1196 ae

2483 1212 2744 1280 Habuit
2774 1224 3001 1275 tamen
3039 1214 3292 1275 Annius
3337 1215 3551 1274 verus
3591 1211 3740 1276 suos
3782 1237 3910 1299 pa-

2386 1319 2660 1388 tronoS,
2711 1308 3511 1395 quorum-benevolentia
3546 1327 3711 1391 opes
3751 1311 3908 1378 suas

2387 1408 2806 1469 monetarias
2855 1404 3105 1466 auxin'e
3146 1405 3440 1470 creditus
3497 1402 3602 1469 est.
3679 1407 3912 1474 Lubet

2388 1518 2504 1561 eas
2541 1500 2650 1564 hic
2695 1501 3066 1565 describere
3109 1501 3360 1565 additis
3416 1488 3906 1567 observationi-

2385 1594 2556 1673 bus,
2607 1598 2854 1680 quibus
2894 1596 3251 1659 Caesarum
3295 1597 3486 1678 huJus
3519 1601 3674 1661 aevi
3711 1602 3902 1663 numi

2386 1710 2518 1754 non
2544 1691 2782 1777 parum
2811 1741 2829 1771 ‚
2877 1706 2946 1755 ut
2997 1691 3212 1777 spero,
3260 1694 3694 1776 juvabuntur.

2678 1886 3045 1950 OTHPOC.
3102 1885 3446 1952 KAICAP.
3546 1883 3744 1972 Caput
3786 1907 3936 1978 mag

2667 1979 2810 2045 dum
2846 1980 3262 2047 barbatulum.

2383 2076 3054 2142 AMACTPIANQN.
3133 2079 3365 2161 Tripus
3405 2099 3541 2144 cum
3587 2081 3894 2166 serpente.

2287 2207 2290 2212 <
2383 2172 2529 2236 AE.
2564 2169 2708 2236 fere
2746 2177 2821 2237 11.
2875 2172 3221 2252 (Froelich
3263 2174 3644 2259 Appendic.
3697 2182 3810 2253 11.)

2650 2269 2950 2335 BHPOC.
3006 2269 3202 2351 Caput
3220 2270 3490 2350 juvenile
3515 2274 3764 2336 nudum.

2379 2366 2679 2434 loNnN.
2735 2365 2932 2448 Caput
2961 2363 3265 2428 muliebre.
3309 2365 3441 2431 AE.
3497 2365 3903 2450 (Haym.T.

2380 2463 2461 2524 11.
2497 2479 2652 2545 pag.
2696 2456 2897 2538 288.)
2948 2459 3054 2521 sed
3102 2459 3502 2542 corrigenda
3551 2480 3771 2543 prava
3825 2486 3898 2528 a

2373 2554 2610 2617 versae
2648 2553 2988 2638 inscriptio
3050 2555 3116 2616 in
3161 2556 3517 2632 ΡΟΔῙΩΝ,
3577 2569 3649 2620 ut
3693 2560 3904 2624 docet

2375 2647 2605 2711 similis
2647 2650 2869 2713 editus
2919 2651 2993 2714 in
3049 2648 3276 2714 museo
3329 2649 3696 2717 Christi'nae
3745 2655 3894 2720 tab.

2376 2741 2554 2807 le.
2595 2763 2659 2807 n.
2707 2748 2808 2811 16.

2469 2838 2893 2903 Froelichius
2936 2843 3003 2906 in
3066 2863 3339 2908 numum
3397 2863 3481 2906 ex
3529 2843 3895 2929 proposstis

2378 2934 2668 3017 primum
2717 2951 3228 3004 commentatus·
3262 2938 3555 3026 probare
3621 2931 3898 3003 conten.

2381 3029 2520 3110 dit,
2579 3031 2814 3098 Verum
2851 3033 3163 3121 Caesarem
3211 3038 3282 3100 in
3316 3055 3397 3099 eo
3440 3047 3896 3099 memoratum

2383 3124 2507 3187 else
2541 3146 2681 3189 non
2721 3128 2901 3211 posse
2946 3143 3064 3195 aut
3112 3131 3191 3193 L.
3224 3132 3486 3196 Aelium
3525 3130 3615 3193 ab
3644 3131 3892 3194 Hadri·

2305 3307 2312 3314 .
2377 3240 2517 3284 ano
2553 3223 2998 3308 adoptatum,
3051 3238 3171 3289 aut
3221 3229 3298 3290 L.
3352 3231 3602 3290 Verum
3654 3230 3892 3310 Augu-

2377 3313 2567 3395 stum,
2620 3331 2736 3382 aut
2767 3321 2861 3389 M.
2899 3322 3274 3400 Aurelium,
3324 3324 3695 3405 quiomnes
3717 3341 3898 3401 quo-

2378 3412 2540 3474 dam
2582 3422 2889 3512 tempore
2942 3417 3099 3482 Veri
3132 3436 3377 3480 nomen
3431 3418 3664 3490 tulere.
3735 3417 3894 3480 Tri-

2380 3497 2753 3573 buendum
2790 3531 2948 3595 ergo
3013 3524 3256 3597 quarto
3301 3513 3494 3592 hujus
3546 3510 3890 3592 nominis,

2378 3622 2622 3689 nempe
2660 3608 2883 3670 Annio
2924 3608 3141 3683 Vero,
3195 3609 3259 3669 in
3293 3627 3430 3690 quo
3461 3608 3716 3682 summi,
3765 3607 3890 3668 ad-

2377 3697 2553 3764 serit.
2610 3701 2811 3783 Quod
2847 3703 2933 3765 ad
2971 3703 3231 3786 priores
3267 3701 3444 3765 duos
3478 3702 3741 3776 attinet,
3781 3698 3890 3764 fa·

2378 3795 2505 3858 cile
2530 3815 2764 3859 omnes
2791 3816 2940 3860 cum
2968 3798 3120 3859 viro
3153 3798 3418 3859 erudito
3453 3797 3889 3862 consentient.
3995 3797 4014 3814 ⁸

2372 3893 2465 3954 At
2517 3912 2649 3955 non
2702 3911 2914 3977 aeque
2973 3894 3310 3977 patienter
3363 3887 3707 3967 feremus,
3782 3891 3885 3953 M.

2380 3988 2725 4053 Aurelium
2769 4008 3040 4072 quoque
3083 3986 3219 4051 ab
3199 4006 3381 4067 Jure,
3434 3989 3618 4071 quod
3665 3984 3835 4049 fibi
3815 4007 3888 4049 m

2374 4082 2788 4168 praesentem
2822 4102 3100 4146 numum
3160 4081 3288 4166 est,
3336 4083 3625 4145 excludi.
3675 4079 3890 4144 Froe-

2375 4178 2558 4240 lichii
2612 4189 3078 4262 argumentum
3136 4175 3262 4253 est,
3332 4179 3430 4241 M.
3488 4175 3885 4254 Aurelium,

2376 4293 2523 4335 cum
2578 4272 2768 4335 simul
2812 4272 3058 4336 Caesar
3089 4271 3516 4355 declaratus,
3567 4283 3633 4336 et
3661 4261 3884 4335 inAu-

2372 4369 2609 4430 reliam
2663 4370 3157 4432 Antoninorum
3219 4367 3556 4431 familiam
3607 4366 3888 4431 adsum-

757 4499 3905 4534 Μ

844 4571 899 4636 a)
937 4572 995 4622 in
1018 4568 1197 4622 Ceret.
1236 4585 1288 4621 v.
1332 4583 1445 4622 ιω.
1676 4566 1735 4635 b)
1774 4571 1832 4620 ia
1873 4570 2216 4630 Antioehico,
