4242 5459
883 595 1013 672 M.
1108 558 1835 675 Av'REst
1904 594 2734 677 ANTON1NVS.

240 800 421 866 istud
484 799 773 863 aiterum
837 797 1099 862 factum
1149 797 1394 876 serius,
1465 810 1536 861 ut
1584 798 1773 862 vide-

234 896 495 959 bimus.

346 990 804 1058 MEDICVS.
884 985 1246 1054 Decretum
1303 989 1579 1054 Aurelio
1604 1036 1622 1066 ,
1660 1069 1669 1074 h
1708 999 1776 1051 et

242 1088 439 1152 Vero
496 1088 676 1151 hunc
728 1086 1040 1163 titulum,
1125 1085 1400 1169 eiusque
1461 1083 1776 1162 causam,

242 1183 495 1268 paullo
538 1182 738 1268 supra
778 1182 1109 1245 vidimus..
1154 1180 1386 1260 Exstat
1426 1180 1778 1264 inscriptus

246 1281 326 1341 in
368 1298 575 1342 numo
618 1276 966 1362 singulari,
1018 1296 1219 1362 quem
1274 1277 1474 1360 supra
1511 1277 1602 1339 ad
1662 1295 1777 1342 an·‚

248 1393 418 1438 num
454 1377 539 1439 V.
575 1371 651 1439 C.
690 1394 828 1456 9¹9
872 1372 1117 1455 objeci,
1164 1374 1590 1456 jungiturque
1625 1390 1777 1434 cum

250 1470 475 1533 titulis
534 1469 900 1534 Armeniaci
922 1515 943 1547 ,
1012 1480 1079 1531 et
1133 1466 1417 1532 Parthici
1472 1467 1775 1534 Maximi.

255 1567 621 1630 Marmora
652 1565 847 1647 hujus
888 1564 1064 1627 tituli
1094 1561 1511 1645 frequentius
1549 1563 1807 1625 memi„

254 1680 444 1730 nere.
526 1661 604 1722 In
648 1679 859 1723 numo
913 1659 1145 1744 infigni
1198 1659 1665 1721 Alexandrino
1696 1656 1778 1718 L.

255 1757 426 1818 Veri
468 1776 620 1819 cum
659 1757 737 1822 L.
766 1756 880 1830 C..
935 1774 1132 1837 quem
1175 1754 1387 1817 edidit
1413 1753 1499 1817 cl.
1530 1756 1781 1836 Zoega,

257 1852 507 1914 mulier
550 1850 723 1915 flans
770 1850 1084 1935 clypeum
1126 1861 1349 1928 tenet,
1418 1850 1524 1911 cui
1559 1849 1782 1912 inscri-

256 1959 494 2031 ptum:
578 1949 972 2028 ΑΡμενιακος
1048 1947 1378 2028 nain-90:03
1459 1943 1784 2019 ΜΗδικος.

264 2040 620 2122 Galerium
667 2062 939 2126 quoque
974 2042 1429 2104 Maximinum
1463 2051 1785 2103 vocatum

258 2138 713 2203 Armeniacum
745 2140 939 2203 Max.
980 2137 1289 2203 Medicum
1336 2136 1532 2202 Max.
1593 2131 1786 2198 testa·

262 2246 383 2296 tur
427 2234 771 2299 Eusebius.
827 2238 884 2312 ⁸)
1149 2233 1159 2243 '

636 2400 1430 2493 GERMANI'CVS.

368 2617 689 2696 Aurelius
713 2619 994 2701 abjectis
1017 2639 1146 2704 per
1175 2617 1341 2683 Veri
1367 2624 1653 2677 mortem
1669 2630 1792 2676 no·

267 2716 571 2779 minibus
607 2718 977 2781 Armeniaci
1018 2728 1089 2777 et
1135 2711 1420 2778 Parthici
1463 2711 1744 2776 Maximi
1768 2755 1791 2787 ,

266 2813 516 2893 hisque
540 2859 558 2887 ,
610 2825 686 2874 ut
720 2813 1012 2875 diximus
1038 2859 1056 2889 ,
1107 2807 1306 2872 fratri
1343 2807 1463 2870 soli
1499 2806 1790 2876 reserva-

266 2909 407 2982 tis,
457 2910 638 2991 quod
679 2906 942 2999 factum
1003 2905 1274 2968 labente
1334 2922 1514 2967 anno
1572 2905 1657 2966 V.
1708 2899 1791 2965 C.

270 3021 461 3084 922,
507 3001 931 3085 aliquamdiu
969 3001 1158 3065 omni
1208 3001 1480 3064 nomine
1518 2998 1793 3061 honori·

268 3098 411 3163 fico
472 3099 542 3160 in
600 3111 879 3181 moneta
929 3096 1244 3161 abstinuit
1303 3094 1597 3178 propriis
1660 3093 1813 3178 suis·

273 3206 663 3260 contentus.
739 3192 978 3257 Postea
1024 3192 1355 3277 temporis
1394 3209 1518 3275 per
1567 3190 1789 3253 claras

274 3291 361 3352 de
384 3288 752 3353 Germanis
781 3290 1133 3363 victorias»,
1171 3288 1255 3350 de
1286 3285 1529 3368 quibus
1564 3298 1791 3348 actum

268 3386 339 3447 in
376 3384 786 3462 annalibus,
836 3382 1352 3447 GERMANICI
1388 3381 1503 3444 fibi
1548 3400 1792 3466 cogno-

272 3501 435 3543 men
471 3483 781 3545 emeruit.
837 3478 1091 3543 Collati
1120 3478 1313 3560 hujus
1346 3476 1521 3538 tituli
1560 3477 1796 3539 memi-

268 3596 437 3640 nere
477 3574 950 3661 Capitolinus,
1001 3563 1069 3653 ι’)
1141 3585 1209 3635 et
1253 3573 1414 3635 Dio.
1449 3568 1547 3654 θ),
1598 3572 1796 3634 Hunc

272 3674 511 3749 numi,
560 3671 874 3757 neglecto
934 3668 1369 3733 Mediobarbi
1398 3668 1794 3751 praeconio,

278 3766 613 3832 ostentare
662 3767 995 3852 incipiunt
1045 3766 1114 3826 in
1150 3764 1406 3827 Aurelii
1448 3761 1797 3824 tribunatu

270 3863 527 3944 XXVI.
553 3910 575 3941 ,
629 3864 748 3946 qui
797 3863 1026 3946 coepit
1061 3859 1175 3922 sub
1216 3858 1481 3921 initium
1520 3857 1679 3921 anni
1714 3859 1797 3923 V.

270 3957 361 4022 C.
396 3977 581 4041 925,
633 3955 719 4020 fic
776 3968 1004 4019 tamen
1037 4004 1059 4037 ,
1129 3967 1204 4017 ut
1264 3973 1454 4016 more
1492 3965 1795 4017 veterum

3267 619 3355 685 73

1857 799 2039 877 926,
2110 807 2311 880 atque
2344 795 2440 870 id’
2467 814 2711 859 nomen
2778 731 3060 859 GERAM.
3113 793 3370 858 nonnisi
3505 866 3514 872 ³

1855 893 1925 954 in
1967 891 2320 955 tribunatu
2369 891 2653 973 XXIX„
2706 891 2816 954 seu
2867 892 3140 955 labente
3185 909 3378 954 anno·

1855 990 1943 1054 V.
1987 984 2065 1049 C.
2103 998 2240 1068 928
2264 988 2333 1050 in
2364 987 2659 1051 anticam
2692 985 2781 1049 est
2814 991 3163 1068 trajectum
3188 1033 3208 1064 ,
3259 1004 3372 1050 ea-

1857 1082 2015 1145 dem
2049 1082 2253 1166 plane
2286 1081 2590 1160 ratione,
2642 1102 2778 1166 qua
2812 1082 2882 1146 in·
2926 1083 3226 1163 Traiano
3271 1082 3380 1145 vi-

1860 1176 2080 1240 dimus
2128 1178 2475 1242 decretum
2531 1177 2688 1242 huic
2740 1198 2988 1244 nomen
3043 1183 3379 1251 OPTIMI

1861 1272 2077 1336 multo
2123 1283 2280 1336 ante
2313 1274 2667 1358 occupasse
2709 1285 2971 1340 tantum
3002 1292 3270 1365 partem
3293 1303 3382 1347 a·
3405 1305 3421 1316 ·’

1861 1369 2166 1448 versam,
2221 1388 2429 1450 quam
2462 1370 2532 1432 in
2591 1371 2888 1433 anticam
2945 1378 3382 1461 reciperetur.

1862 1465 2056 1528 Haec
2093 1465 2327 1542 numi,
2378 1485 2541 1530 nam
2587 1484 2889 1530 marmor
2921 1470 3174 1535 nullum
3218 1472 3384 1538 hac-

1867 1573 2057 1624 tenus
2089 1560 2312 1643 reperi
2337 1608 2359 1643 ‚
2417 1561 2601 1645 quod
2633 1560 2844 1626 solum
2884 1564 3242 1632 Germanici
3264 1589 3385 1634 no.

1866 1667 2019 1717 men
2041 1653 2340 1723 offerret.
2383 1656 2460 1718 In
2485 1656 2685 1720 causa
2711 1656 2821 1735 est,
2854 1662 3038 1744 quod
3062 1682 3170 1740 ea,
3205 1685 3392 1748 quae·

1866 1750 2208 1835 supersunt
2229 1796 2249 1827 ,
2298 1751 2502 1815 serius
2535 1751 2678 1816 sunt
2710 1754 2929 1838 posita
2960 1757 3214 1822 adscito
3242 1764 3394 1841 jam

1865 1845 2235 1910 Sarmatici
2259 1847 2481 1926 titulo,
2508 1850 2591 1910 de
2615 1869 2750 1930 quo
2773 1855 3115 1917 continuo.
3159 1855 3388 1920 Etiam

1869 1940 2255 2008 Commodo
2300 1944 2542 2007 eodem
2581 1961 2759 2008 anno
2797 1929 3008 2014 Vns).
3057 1970 3196 2033 925
3229 1999 3250 2029 ,
3320 1966 3392 2018 et

1871 2038 2146 2119 quidem
2202 2039 2312 2102 die
2359 2039 2506 2104 XV.
2569 2040 2893 2107 Octobris
2967 2047 3386 2130 impertitum

1874 2134 2228 2197 Germanici
2286 2135 2553 2198 titulum
2593 2133 2786 2222 *infra
2841 2159 2929 2203 ex
2983 2141 3399 2227 Lampridio

1873 2226 2311 2306 docebimus,
2362 2230 2474 2292 sed
2510 2250 2710 2311 quem
2743 2246 2812 2295 et
2838 2234 2951 2297 hic
2983 2236 3235 2299 nonnifi
3271 2258 3388 2304 anv—

1874 2341 1965 2386 no
1998 2325 2082 2386 V.
2121 2320 2200 2384 C.
2237 2336 2373 2403 928
2422 2326 2636 2408 patris
2673 2317 3094 2413 exe‘mploin
3150 2351 3394 2397 numo-

1874 2437 2026 2480 rum
2075 2419 2373 2481 anticam
2420 2422 2700 2504 recepit.
2767 2423 3146 2489 Advertefis
3192 2446 3387 2508 prae·

1874 2514 2134 2577 claram
2169 2532 2526 2580 numerum
2558 2535 2712 2581 cum
2743 2515 3076 2586 historicis
3111 2540 3387 2606 concor-

1873 2611 2085 2680 fflam.

2248 2803 2651 2910 SARMA
2674 2809 3025 2881 TICVS.

1972 2992 2438 3068 Sarmatarum
2467 3005 2739 3068 nomine
2775 3004 3236 3093 intelliguntur
3265 3029 3388 3095 po-

1874 3091 2020 3175 puli
2061 3093 2247 3157 trans
2284 3095 2718 3178 Danubium,
2773 3121 2910 3184 qua
2961 3105 3391 3178 Pannoniam

1872 3186 2283 3270 superiorem
2328 3190 2638 3275 separat,
2687 3198 2825 3261 late
2868 3198 2940 3259 in
2975 3201 3394 3286 septemtrio·

1872 3302 1990 3347 nes
2029 3278 2218 3365 pofiti
2243 3334 2261 3364 ,
2320 3288 2731 3369 quibuscum
2757 3293 2943 3356 acris
2967 3298 3269 3376 Aurelio,
3307 3318 3394 3363 ac

1875 3379 2166 3464 plurium
2190 3402 2516 3447 annorum
2542 3388 2897 3451 dimicatio
2933 3389 3086 3453 fuit.
3136 3393 3393 3455 Eorum

1878 3473 2184 3542 meminit
2220 3499 2489 3561 quoque
2525 3481 2922 3559 Pausanias,
2973 3503 3125 3546 cum
3159 3484 3392 3562 refert,

1879 3568 1971 3633 ab
2009 3574 2284 3637 Aurelio
2317 3573 2499 3636 bello
2537 3577 2836 3638 domitos
2881 3596 3054 3654 τεςτε
3091 3581 3395 3663 Γερμανες

1874 3685 2308 3748 μαχιμοτατες
2365 3677 2470 3732 κάι
2529 3673 2807 3747 πλειστες
2869 3692 2990 3736 των
3025 3672 3084 3738 ἐν
3123 3674 3393 3761 Ευρωπῃ

1881 3764 2200 3848 Βαρξαρων
2237 3783 2341 3826 και
2385 3759 2553 3842 ἐθνὸς
2589 3787 2674 3828 ,το
2722 3767 3394 3851 ΣΑΤΡΟΜΑΤΩΝ,

1885 3858 2234 3934 Germanos
2310 3858 2740 3952 befficofiffimos
2760 3910 2781 3940 ,
2841 3873 2922 3928 'et
2974 3863 3398 3932 barbarorum

1873 3952 2180 4037 plurimos
2201 4001 2219 4032 ,
2272 3959 2379 4040 qui
2404 3978 2521 4040 per
2550 3961 2876 4043 Europam
2903 3962 3091 4048 sunt,
3153 3972 3217 4028 et
3243 3984 3396 4048 gen·

274 4054 637 4119 titulorum
670 4071 810 4115 non
840 4053 911 4115 in
957 4052 1186 4115 antica
1240 4067 1636 4124 numorum,
1689 4049 1798 4111 sed
1883 4061 2003 4112 tem
2034 4050 2374 4116 SARMA
2384 4054 2645 4120 TARV
2644 4056 2739 4120 M.
2773 4044 2851 4136 ιι)·
2916 4056 3021 4119 Ex
3057 4058 3163 4123 his
3196 4061 3398 4143 saepe

264 4163 476 4238 parte
508 4148 751 4213 aversa
768 4147 1031 4232 legatur
1052 4146 1182 4209 hac
1205 4144 1352 4229 lege
1375 4166 1392 4207 ι
1448 4144 1705 4208 GERM
1720 4149 1800 4206 A·

1880 4164 2165 4210 numero
2216 4148 2415 4210 victis
2486 4148 2805 4213 bellicum
2871 4171 3141 4238 quoque
3192 4156 3400 4220 decus
3493 4217 3498 4224 .

267 4244 528 4313 mco,
550 4242 765 4308 AVG.
796 4244 983 4310 lMP.
1014 4243 1133 4306 Vl.
1165 4239 1355 4314 Cos,
1392 4240 1513 4304 111.
1539 4287 1559 4316 ,
1614 4241 1798 4323 quod
1887 4241 2165 4318 Aurelio
2231 4239 2547 4321 accessit,
2629 4246 2998 4331 datumque
3055 4249 3404 4315 Sarmatici

266 4341 682 4420 observatur
713 4339 923 4403 etiam
973 4339 1044 4401 in
1084 4338 1307 4399 numis
1342 4338 1499 4398 anni
1530 4335 1801 4418 sequen·

1887 4356 2139 4401 nomen
2186 4337 2288 4413 ei,
2356 4336 2635 4422 filioque
2690 4338 3093 4407 Commodo.
3133 4345 3403 4410 testibus

338 4554 401 4618 a)
445 4548 735 4603 amaa.
764 4550 1017 4611 1..an
1049 4557 1200 4612 ωε.

370 4625 571 4708 ενοι.
602 4625 828 4713 VH.)

1339 4545 1405 4614 b)
1432 4549 1493 4601 in
1511 4545 1801 4603 Aurelio-c.
1824 4563 1907 4610 ια,
1981 4549 2028 4617 c)
2066 4547 2132 4602 1..
2151 4547 2425 4618 Lxx1,.§
2457 4564 2514 4615 3.

2960 4630 3030 4692 K.

2654 4547 2714 4618 d)
2752 4548 2952 4604 Aread.
2979 4550 3223 4613 LVIII.
3255 4573 3296 4609 c.
3317 4569 3401 4623 43.
3503 4580 3508 4586 ·
