4242 5459
792 604 934 670 226

801 789 1198 860 cedentibus
1234 785 1341 851 his
1376 801 1542 851 mox
1579 782 1791 872 sopito
1833 784 2324 849 Alexandriam

799 888 1148 978 profectus
1186 882 1314 963 est,
1366 902 1655 966 eamque
1693 881 1991 948 intravit.
2054 881 2322 967 Perspi-

804 1006 1003 1052 cuum
1041 982 1162 1062 ess,
1214 991 1494 1067 propter
1519 979 1918 1063 regionum,
1971 996 2147 1061 quae
2175 996 2323 1061 per·

803 1082 1153 1168 agrandae
1218 1075 1451 1151 fuere,
1539 1074 1840 1160 ingentia
1911 1072 2323 1150 intervalla,

803 1191 946 1242 tum
1019 1174 1181 1239 belli
1230 1170 1535 1235 Parthici
1595 1169 1994 1244 molimina,
2025 1176 2042 1189 ‘
2083 1181 2151 1232 et
2206 1189 2323 1253 pa·

807 1276 1069 1339 ctiones
1119 1267 1560 1342 Parthorum,
1608 1286 1822 1350 quae,
1878 1263 2087 1343 utfit,
2141 1285 2326 1328 com·

807 1367 1189 1433 meantibus
1220 1365 1375 1428 hinc
1412 1376 1481 1427 et
1512 1364 1667 1427 inde
1718 1361 2008 1447 legatis,
2056 1373 2321 1446 tempo·

803 1468 899 1530 ris
944 1485 1076 1528 non
1127 1480 1366 1548 parum
1421 1460 1815 1535 absumunt,
1881 1455 2321 1520 caracallam

803 1558 1028 1633 adesse
1073 1557 1576 1637 Alexandriae,
1625 1552 1740 1617 nili
1771 1566 2090 1639 vergente
2120 1553 2211 1621 ad
2252 1551 2325 1615 fi·

803 1679 959 1722 nem
994 1676 1211 1731 anno,
1259 1673 1395 1717 non
1436 1651 1742 1736 potuisse.

1922 578 2763 660 CARACALLA.

2406 782 2559 848 hoc
2583 781 2810 847 adhuc
2871 793 3182 869 tempore
3251 782 3344 849 ab
3403 784 3714 872 Augnllis
3764 789 3927 856 trib.

2406 877 2806 964 potestatem
2846 879 2957 942 die
2996 881 3210 945 natali
3253 882 3529 966 imperil
3553 884 3785 947 iterari
3822 886 3925 949 so·

2402 977 2621 1042 litam.
2710 974 2974 1061 Figitur
3009 975 3117 1040 hic
3155 976 3245 1040 ab
3290 978 3443 1042 aliis
3484 991 3641 1044 ante
3675 979 3923 1045 Kalen-

2406 1072 2532 1136 das
2567 1071 2836 1156 Apriles
2874 1073 2955 1137 V.
3003 1071 3080 1139 C.
3117 1093 3307 1155 951,
3362 1073 3449 1137 ab
3488 1074 3641 1139 alii's
3700 1075 3941 1141 statim.

2402 1164 2549 1254 post
2583 1168 2929 1231 Kalendas
2955 1168 3182 1231 Iunias
3219 1171 3522 1253 ejusdem
3568 1173 3746 1235 anni.
3798 1172 3920 1235 Er·

2402 1284 2490 1349 go
2527 1284 2706 1327 anuo
2746 1267 2829 1340 V,
2867 1261 2942 1327 C.
2986 1266 3124 1347 969
3162 1266 3236 1328 P.
3276 1267 3358 1328 X.
3414 1270 3550 1329 216
3584 1288 3796 1352 usque
3823 1269 3919 1331 ad

2401 1361 2752 1445 Aprilem,
2809 1359 3163 1423 secundum
3207 1361 3385 1424 alios
3427 1383 3637 1448 usque
3686 1365 3777 1428 ad
3807 1364 3917 1427 Iu·

2398 1457 2585 1519 nium
2630 1456 2948 1520 currebat
2992 1456 3372 1521 tribunatus
3430 1460 3916 1525 xv111.dein-

2398 1570 2559 1637 ceps
2592 1554 2796 1617 xlx.
2890 1552 3088 1616 Prior
3149 1554 3234 1616 d'e
3296 1554 3512 1640 Aprili
3583 1556 3919 1620 sententia

1822 1653 1912 1713 At
1947 1651 2012 1712 T
2015 1647 2323 1712 illemon
2391 1650 2534 1728 jam
2574 1649 2753 1713 ultro
2792 1649 3081 1713 corruit·
3135 1670 3293 1713 nam
3341 1668 3593 1714 numus
3624 1672 3770 1715 eum
3806 1654 3912 1715 in·

701 1822 708 1833 ,
804 1757 905 1820 tio
944 1765 1225 1819 auctore
1255 1749 1390 1813 hoc
1421 1748 1646 1813 adhuc
1685 1766 1861 1809 anno
1915 1745 2033 1809 suo
2090 1740 2174 1808 V.
2244 1742 2327 1809 C.
2392 1744 2592 1806 trasse
2636 1743 3125 1810 Alexandriam
3159 1744 3487 1811 testatur
3466 1766 3532 1811 tn
3567 1748 3919 1826 tribunatu

812 1854 951 1937 9⁶9
1009 1844 1373 1912 Caracalla
1442 1843 1870 1909 Antiochiam
1927 1841 2325 1921 revertitur,

809 1961 953 2011 tum
997 1945 1259 2030 legatos
1299 1941 1388 2005 ad
1423 1938 1846 2003 Artabanum
1865 1938 2190 2002 Parthiae
2226 1956 2325 1998 re.

813 2064 962 2128 gem
1001 2041 1246 2115 mittit,
1300 2036 1413 2121 qui
1453 2035 1662 2098 filiam
1699 2038 1843 2116 ejus
1899 2033 2018 2097 libi
2061 2035 2132 2101 in
2180 2052 2326 2105 tna-‚-

810 2138 1196 2202 trimonium
1250 2144 1574 2219 peterent.
1660 2131 1817 2213 Quo
1862 2131 2325 2195 conditionem

812 2238 1227 2301 detrectante
1271 2227 1678 2295 Parthorum
1741 2226 1910 2290 fines
1960 2225 2327 2310 ingressus,

810 2333 1028 2417 captis
1085 2326 1400 2401 Arbelis,
1466 2336 1535 2388 et
1582 2324 1821 2389 Media
1877 2324 2015 2389 late
2063 2320 2330 2387 vanata

810 2430 1180 2491 exercitum
1216 2424 1522 2487 Edessam
1580 2422 1649 2484 in
1698 2420 1986 2484 hiberna
2028 2418 2325 2484 reduxit.

811 2530 1032 2607 Atque
1073 2521 1241 2583 haec
1282 2521 1514 2583 omnia
1551 2518 1706 2582 inde
1750 2535 1793 2579 a
1823 2519 1936 2580 die
1981 2518 2093 2578 1V.
2136 2514 2332 2599 April

809 2621 895 2683 lis
921 2638 1132 2707 usque
1161 2618 1252 2679 ad
1278 2618 1661 2700 proximum
1686 2611 2120 2676 hibernorum
2158 2622 2323 2672 tem·

810 2710 940 2800 pus
964 2711 1272 2800 perfecta
1305 2706 2159 2774 constituitTillemontiuS.
2222 2710 2326 2767 An

809 2810 943 2871 hae
977 2821 1210 2871 tantae
1251 2827 1355 2869 res
1395 2809 1570 2868 intra
1617 2804 1744 2866 has
1798 2800 2131 2887 angustias
2176 2803 2334 2886 cogi

809 2905 1076 2989 possunt
1109 2903 1312 2963 etiam
1357 2903 1527 2963 duce
1576 2899 1666 2962 ad
1707 2910 1814 2961 res
1862 2899 2164 2982 agendas
2229 2910 2328 2960 at·

808 2999 1224 3070 tentissimo,
1274 2997 1523 3073 nedum
1559 2992 1964 3069 Caracalla,
2015 2994 2329 3076 quimul·

811 3107 952 3159 tum
993 3095 1321 3177 temporis
1360 3089 1880 3176 voluptatibus,
1927 3110 2009 3153 ac
2047 3089 2329 3178 ludicris

810 3190 1199 3277 impendit?
1247 3190 1338 3255 At
1381 3189 1557 3249 enim
1593 3199 1874 3251 coactus
1913 3198 2059 3250 erat
2117 3189 2225 3250 vir
2258 3207 2328 3248 e-

811 3287 1080 3372 gregius
1116 3296 1222 3347 tot
1261 3304 1343 3348 ac
1380 3297 1605 3347 tantas
1649 3301 1757 3346 res
1811 3285 2056 3369 exiguo
2106 3283 2325 3368 spatio

789 3372 1397 3457 circumscribere,
1452 3381 1636 3465 quod
1667 3379 1905 3442 laxare
1963 3378 2195 3443 caesus
2238 3378 2327 3441 se·

811 3493 1057 3564 quente
1088 3498 1266 3543 anno
1296 3476 1660 3541 Caracalla.
1698 3495 1834 3541 non
1872 3475 2045 3539 avit.
2093 3475 2326 3558 Quare

811 3598 962 3641 eum
995 3575 1154 3639 telle
1187 3588 1474 3658 utroque
1508 3575 1594 3637 ad
1641 3592 1886 3637 annum
1915 3573 2329 3659 praesentem

812 3675 1024 3734 'citato
1055 3690 1268 3737 numo
1308 3663 1808 3744 certe'conflet,
1877 3669 2012 3741 hoc
2056 3670 2335 3733 labente

812 3762 1071 3828 factum
1100 3811 1120 3843 ,
1172 3780 1247 3829 ut
1298 3764 1658 3829 Caracalla
1693 3779 1758 3828 et
1795 3767 2109 3850 Pergami
2149 3766 2333 3843 esset,

818 3873 884 3923 et
919 3860 1420 3937 Alexandriae,
1473 3863 1612 3939 ejus
1650 3881 1757 3924 res
1796 3860 2013 3945 gestae
2068 3861 2151 3925 sic
2183 3862 2333 3924 sunt

816 3954 1309 4041 disponendae,
1364 3967 1435 4017 ut
1475 3952 1818 4036 statuatur,
1871 3971 2199 4027 autumno
2233 3954 2360 4019 fe-'

816 4072 891 4114 re
963 4062 1250 4113 exeunte
1320 4048 1599 4113 invistfl'e
1630 4060 1634 4065 ’
1661 4052 2195 4128 Alexandriam,
2265 4066 2329 4117 et

815 4166 990 4232 quae
1026 4146 1343 4230 deinceps
1378 4146 1550 4231 gella
1593 4148 1783 4225 sunt,
1834 4151 1903 4211 in
1945 4169 2193 4213 annum
2241 4149 2328 4211 se-

814 4257 1124 4327 quentem
1156 4241 1360 4311 facile
1418 4245 1506 4307 ad
1549 4262 1631 4305 ea
1667 4242 2094 4309 suffecturum
2150 4247 2341 4326 tauji..

812 4341 1092 4405 ciuntur.
1146 4338 1626 4401 Invicteetiam
1669 4339 1755 4401 ab
1793 4354 2080 4424 utroque
2125 4360 2328 4405 numo

811 4434 1145 4500 refellitur
1181 4434 1504 4501 sententia
1545 4448 1819 4514 comm,
1873 4435 2330 4520 qui-statuunt,

879 4649 940 4712 a)
976 4646 1126 4708 Dio,
1161 4645 1542 4709 Herodianus,
1578 4646 1859 4720 spartian.

2396 1841 2697 1915 va„
2757 1842 2877 1924 qui
2935 1843 3076 1922 jam
3136 1843 3401 1921 exivit‘,
3469 1860 3623 1908 cum
3684 1843 3926 1908 adhuc.

2397 1937 2843 1999 Nicomediae
2876 1936 3232 2002 haereret.
3318 1939 3391 2003 Si
3450 1958 3601 2004 eum
3638 1940 3919 2006 iteravit

2398 2034 2473 2098 iu
2524 2033 2766 2109 Iunio,
2813 2033 3067 2095 necesse
3116 2032 3249 2113 est,
3302 2036 3461 2099 inde
3530 2036 3736 2099 a‘die
3788 2037 3912 2101 lv,

2400 2129 2655 2213 Aprilis
2694 2148 2905 2211 usque
2943 2129 3031 2191 ad
3071 2131 3337 2193 initium
3386 2131 3561 2195 Iunii
3592 2129 3913 2196 Caracal·

2398 2225 2538 2290 lam
2583 2247 2626 2290 a
2676 2224 3085 2288 Nicomedia
3125 2226 3477 2312 pervalill'e
3509 2244 3779 2293 omnem
3824 2233 3917 2291 A·

2399 2320 2615 2401 fiam,
2674 2322 2983 2404 Syriam,
3049 2322 3294 2384 veniss'e
3350 2326 3419 2385 in
3472 2325 3915 2409 Aegyptum,

2398 2420 2791 2483 nunciatum
2827 2415 2994 2481 istud
3029 2418 3321 2481 Romam
3352 2466 3371 2496 ,
3426 2439 3470 2483 a
3515 2421 3918 2487 monetariis

2396 2513 2749 2578 confectas
2796 2515 3113 2576 matrices
3164 2517 3311 2595 ejus
3351 2516 3715 2579 adventum
3759 2515 3923 2578 Ale:

2397 2608 2730 2674 xandriae
2766 2606 3132 2693 testantes,
3184 2612 3497 2675 nimirum
3549 2623 3919 2696 antequam

2398 2705 2768 2790 exspiraret
2811 2705 3201 2780 tribunatus
3248 2708 3488 2772 xvlu.
3542 2719 3611 2772 et
3663 2708 3914 2793 incipe-

2396 2813 2503 2864 ret
2540 2803 2717 2866 XIX.

2770 2994 2852 3061 V.
2890 2992 2954 3061 C.
2988 2995 3140 3075 969.
3175 2995 3254 3061 P.
3286 2994 3372 3063 Χ.
3404 2997 3581 3064 216:

2403 3089 2536 3158 ΤΚ.
2599 3089 2677 3155 Ρ.
2730 3091 2927 3156 XIX.
2985 3092 3167 3161 Cos.
3195 3094 3251 3157 ·1
3263 3093 3349 3159 V.
3413 3093 3495 3158 Ρ.
3554 3094 3654 3160 Μ.
3700 3093 3782 3159 Ρ.
3825 3088 3920 3165 P.

2662 3188 2769 3252 ΡΙ
2775 3187 2914 3253 VS.
2950 3189 3234 3255 GERM.
3262 3190 3466 3256 IMP.
3513 3189 3648 3255 ΙΙΙ.

2445 3282 2515 3353 C.
2546 3284 2711 3352 Aac
2738 3283 2983 3351 Sabino
3010 3285 3101 3351 II.
3128 3285 3409 3351 Cornelio
3441 3286 3725 3354 Antiano
3751 3288 3868 3375 tofi

2494 3475 2860 3545 Caracalla
2887 3496 2971 3538 ex
2994 3479 3308 3564 Aegypto
3331 3479 3766 3545 Antiochiam
3804 3498 3913 3542 re-

2396 3575 2625 3639 versus
2668 3573 3002 3639 Artabani
3042 3572 3449 3638 Parthorum
3489 3578 3665 3660 regis
3702 3575 3922 3639 filiam

2397 3675 2464 3735 in
2502 3673 3012 3737 matrimonium
3052 3671 3245 3755 petit.
3299 3671 3455 3752 Quo
3495 3682 3749 3757 negato
3778 3673 3922 3736 Eu-

2396 3769 2708 3855 phratem
2765 3766 3198 3851 transgressus
3255 3767 3569 3831 Mediam
3628 3768 3927 3848 invadit,

2399 3864 2667 3928 Arbela'
2695 3865 2923 3948 capit,
2974 3864 3259 3925 caedem
3293 3861 3547 3947 ubique
3589 3876 3657 3927 et
3696 3865 3931 3928 incen-

2398 3961 2515 4025 dia
2564 3958 2991 4037 circumfert,
3060 3958 3205 4044 post
3256 3959 3426 4027 haec
3468 3960 3797 4023 -Edess‘am
3848 3960 3929 4024 in

2397 4056 2682 4131 hiberna
2715 4057 2914 4119 redit.
2988 4055 3375 4140 Abagarum
3414 4055 3929 4120 Osrhoenorutn

2398 4172 2627 4236 regem
2665 4149 3008 4214 fraudein
3049 4153 3463 4236 colloquium
3499 4164 3923 4237 pertractum

2398 4249 2475 4309 in
2507 4246 2777 4311 vincula
2809 4249 3119 4326 conjicit,
3173 4251 3448 4333 ejusque
3474 4268 3751 4333 regnum
3803 4267 3918 4313 oc-

2396 4355 2642 4426 cupat,
2698 4343 2883 4427 quod
2920 4342 3177 4409 factum
3206 4343 3397 4408 forte
3420 4363 3603 4408 anno
3640 4356 3926 4430 praect-

2398 4439 2617 4502 dente·.
2667 4439 2733 4522 θ)
