4242 5459
1408 576 2306 678 AVRELIANVS.

955 878 1033 947 L.
1138 875 1735 949 DOMITIVS

244 1090 253 1095 ·
336 1069 639 1137 obscuro
684 1064 928 1157 genere
988 1073 1216 1137 Sirmii
1259 1075 1369 1135 vel
1421 1076 1770 1138 inDacia

233 1167 506 1253 Ripensi
547 1181 741 1231 natus
777 1212 811 1246 r
850 1170 957 1232 sed
989 1181 1180 1232 tanto
1212 1167 1525 1234 illustrior
1561 1172 1767 1233 virtu·

236 1276 308 1325 te
337 1263 586 1325 bellica
631 1276 699 1326 et
728 1264 1095 1350 disciplina
1132 1265 1417 1328 militari
1470 1267 1653 1329 omni
1683 1269 1766 1330 ri-

208 1352 400 1443 ⁴gore
445 1372 714 1422 exacta.
811 1362 1034 1443 Atque
1072 1372 1305 1424 tantae
1352 1362 1574 1425 laudis
1622 1366 1765 1447 opi·

239 1455 443 1514 nione
517 1455 805 1539 adeptus
875 1453 1009 1532 est,
1099 1448 1172 1519 ut
1214 1471 1482 1520 mortuo
1540 1458 1766 1520 Sirmii

241 1545 536 1611 Claudio
581 1551 891 1632 praesens
938 1552 1075 1634 ipse
1122 1554 1501 1635 imperator
1533 1553 1620 1615 ab
1644 1574 1763 1617 ex·-

235 1644 451 1703 ercitu
494 1645 996 1727 appellaretur,
1051 1646 1383 1727 Quintillo
1409 1694 1428 1723 ‚
1482 1650 1600 1729 qui
1624 1648 1760 1711 fra-

232 1737 326 1798 tri
370 1733 660 1799 Claudio
707 1742 929 1807 etiam.
961 1741 1224 1803 senatus
1256 1739 1586 1827 suffragiis
1642 1745 1759 1806 ad·

228 1835 412 1915 jutus
454 1831 878 1911 successerat,
922 1834 1209 1898 resistere
1250 1855 1385 1899 non
1418 1837 1604 1915 auso,
1647 1838 1759 1900 sed

168 1952 183 1961 ·
236 1925 548 1988 fortioris
581 1929 928 1992 Aureliani
959 1943 1140 1992 metu
1166 1933 1375 1994 vitam
1401 1953 1552 1995 cum
1584 1952 1759 1995 mor-

244 2033 315 2082 te
354 2036 837 2088 commutante.
893 2024 1197 2090 Incertus
1233 2023 1318 2089 est
1351 2027 1598 2091 natalis
1638 2031 1760 2091 im·

236 2118 451 2199 perii,
503 2129 581 2180 ut
624 2120 886 2184 dicetur
934 2118 1141 2184 infra.

234 2347 245 2357 ·
602 2310 687 2377 V.
717 2309 782 2375 0.
819 2332 997 2395 1023.
1042 2314 1122 2377 P.
1156 2313 1241 2380 X.
1267 2334 1423 2400 270.

222 2422 228 2431 ·
359 2405 492 2471 ΤΚ.
529 2405 610 2473 Ρ.
657 2402 832 2473 COS.
896 2409 1099 2474 DES.
1161 2412 1244 2476 P.
1298 2412 1398 2476 M.
1460 2411 1539 2476 Ρ.
1585 2411 1666 2486 Ρ.

236 2529 248 2537 ·
566 2502 988 2569 Antiochiano
1012 2554 1031 2584 ,
1084 2503 1288 2591 Orfito
1326 2507 1438 2593 cos:

341 2684 570 2756 Reb'us
622 2694 892 2758 Romae
947 2698 1264 2782 prospere
1312 2701 1639 2786 dispositis
1697 2703 1766 2767 in

237 2790 665 2855 Pannoniam
717 2792 1037 2856 adversus
1075 2793 1340 2859 Gothos
1384 2797 1762 2883 proficisci-

228 2898 396 2958 ·tur,
447 2886 662 2968 iisque
698 2880 917 2948 redire
955 2890 1042 2951 ad
1075 2890 1193 2953 sua
1243 2895 1502 2955 coactis
1543 2896 1760 2958 altero

240 2981 773 3044 alemannorum
804 2982 986 3046 bello
1023 2987 1380 3069 excipitur,
1435 3004 1604 3070 quos
1629 2991 1760 3074 pri-

204 3084 426 3138 ‘mum
467 3076 535 3136 in
566 3074 951 3141 Vindelicia
993 3082 1269 3156 vincit,⁸
1294 3096 1369 3145 at
1398 3084 1619 3147 vicem
1659 3107 1759 3149 re-

232 3171 613 3255 penderunt
646 3170 789 3234 acri
816 3177 999 3257 apud
1031 3176 1457 3240 vincentiam
1494 3182 1757 3273 praelio

237 3267 556 3332 victores,
607 3267 684 3329 In
720 3281 913 3333 tanto
958 3271 1142 3333 urbis
1190 3270 1391 3355 iplius
1450 3279 1761 3361 periculo·

233 3362 640 3424 Aurelianus
696 3364 1045 3451 resumptis
1110 3370 1353 3431 animis
1423 3370 1759 3436 barbaros

234 3456 461 3519 denuo
495 3459 829 3542 aggressus
855 3462 1058 3526 caelis
1087 3462 1229 3526 sere
1265 3466 1576 3529 omnibus
1595 3472 1755 3531 Vm·

229 3550 479 3634 briam,
535 3554 846 3635 quorsum
878 3560 1012 3633 iam
1052 3558 1207 3621 enisi
1233 3559 1447 3639 suere,
1502 3583 1585 3625 ac
1621 3566 1756 3628 Ita·

229 3645 397 3711 liam
437 3668 708 3710 omnem
754 3662 1011 3716 terrore
1044 3654 1311 3720 liberat.
1362 3659 1541 3720 Vide
1581 3661 1752 3724 haec

233 3745 555 3806 adcurate
621 3746 911 3810 collecta
974 3736 1181 3834 apud..
1215 3752 1753 3821 Tillemontium.

327 3841 723 3903 Paucissimi
776 3844 916 3907 sunt
967 3845 1309 3909 Aureliani
1348 3852 1583 3927 numi,
1637 3855 1755 3936 qui

232 3933 616 3995 tribunatus
665 3951 731 4001 et
769 3942 1149 4005 consulatus
1185 3944 1539 4030 inscriptos
1588 3947 1752 4011 offe-

225 4038 427 4104 runt,
484 4040 553 4088 et
585 4033 702 4110 qui
738 4029 903 4098 istud
928 4032 1281 4121 'praestant
1313 4088 1332 4118 ‚
1401 4040 1753 4107 chronolo-

215 4125 414 4207 giam
452 4127 668 4208 magis
716 4129 1113 4215 impediunt,
1162 4156 1367 4218 quam
1406 4140 1754 4219 adjuvant.

236 4220 467 4299 Quare
501 4220 588 4281 ab
622 4220 727 4284 his
764 4224 888 4309 per
911 4231 1192 4292 annales
1233 4233 1610 4317 digerendis
1638 4236 1754 4298 ab·

220 4310 525 4389 stinctae,
579 4335 946 4406 omnesque
985 4330 1124 4406 ejus
1168 4346 1446 4406 numm,
1502 4333 1617 4415 qui
1655 4333 1753 4395 di·
1791 4360 1795 4367 ·

190 4428 431 4568 -gfiubm
470 4410 816 4496 quidpiam
857 4418 1184 4501 offerent,
1235 4429 1613 4508 promiscue
1648 4449 1757 4491 re·

221 4517 361 4569 cita
416 4524 481 4569 o.
1012 4520 1013 4527 ’

980 4612 1015 4640 4
1100 4634 1109 4645 .

809 4656 841 4690 8

1827 877 1898 943 A
1922 822 2631 943 VR‘ELIANVS.

2153 1065 2240 1132 V.
2296 1064 2598 1147 621024.
2648 1065 2730 1128 Ρ.
2783 1060 2874 1127 X.
2922 1050 3070 1147 εἴ).

2032 1161 2165 1227 TR.
2201 1158 2280 1237 P,
2321 1162 2424 1225 II.
2472 1159 2652 1224 CoS.
2715 1158 2795 1225 P.
2831 1158 2931 1241 M.
2983 1156 3063 1223 P.
3100 1156 3177 1223 F.

1852 1256 2202 1323 Aureliano
2249 1256 2466 1340 Aug„
2521 1255 2768 1320 Ceionio
2809 1252 2998 1319 Vir-io
3047 1250 3229 1343 Baffo
3265 1254 3370 1320 II.

2501 1362 2508 1373 “
2564 1352 2680 1437 cos}

1948 1544 2102 1608 Hoc
2153 1561 2336 1608 anno
2370 1541 2664 1606 creditur
2702 1544 3106 1607 Aurelianus
3141 1541 3367 1607 incho-

1849 1641 1982 1703 asse
2020 1656 2340 1715 murum,
2393 1640 2508 1720 qui
2548 1637 2887 1723 hodieque
2928 1637 3241 1726 superstes
3266 1659 3372 1701 ur·

1848 1735 1952 1805 bis
1999 1735 2332 1801 ambitum
2377 1731 2651 1809 definit,
2706 1736 2860 1818 ipsis
2910 1739 3049 1816 jam
3104 1735 3368 1818 imperii

1847 1829 2377 1916 propugnaculis
2419 1829 2507 1891 ad
2546 1828 2727 1892 urbis
2774 1832 3095 1916 principis
3139 1828 3366 1893 defen·

1846 1928 2093 1993 lienem
2135 1918 2484 1991 invalidis.
2536 1921 3006 2016 (Tillemont.)

2188 2116 2271 2181 V.
2319 2114 2386 2180 C.
2419 2134 2578 2195 1⁰45
2628 2114 2712 2178 Ρ.
2752 2114 2840 2177 Χ.
2871 2133 3027 2199 272.

2050 2212 2186 2279 ΤΒ..
2232 2213 2309 2282 Ρ,
2344 2208 2486 2273 ΙΙΙ.
2521 2208 2700 2272 COS.
2734 2208 2813 2273 P.
2851 2210 2948 2273 M.
2980 2211 3057 2274 P.
3091 2214 3168 2277 Ρ.

2169 2309 2386 2395 Quieto
2411 2354 2432 2387 ,
2485 2303 2562 2368 V
2556 2304 2903 2369 oldumiano
2933 2308 3052 2392 coſs

1945 2502 2210 2566 Bellum
2244 2500 2309 2564 in
2333 2497 2704 2561 Zenobiam
2731 2495 3027 2560 Orientis
3061 2499 3366 2582 reginam

1844 2611 2105 2664 movet.
2131 2599 2288 2660 .Per
2327 2598 2455 2658 iter
2500 2593 2763 2656 Gothos
2803 2595 2874 2656 in
2911 2593 3215 2659 Thracia
3254 2610 3364 2659 at..

1846 2699 2043 2770 terit,
2098 2705 2166 2756 et
2190 2691 2409 2757 Asiam
2437 2691 2765 2752 minorem
2795 2688 2907 2752 [ibi
2941 2690 3181 2753 iterum
3218 2691 3361 2755 sub-

1844 2795 2011 2874 jicit.
2084 2787 2458 2853 Zenobiam
2510 2787 2760 2851 victam
2817 2784 3181 2879 Palmyrae
3235 2787 3363 2850 ob-

1848 2889 2032 2951 sidet.

2180 3076 2279 3149 V.
2317 3076 2381 3145 C.
2415 3078 2622 3168 1026..
2650 3077 2728 3143 P.
2762 3075 2848 3141 X.
2871 3094 3026 3161 273.

1850 3176 1984 3244 ΤΚ.
2004 3176 2085 3244 Ρ.
2107 3175 2243 3241 IV.
2282 3174 2466 3259 COS.
2515 3171 2871 3239 DESJV.
2925 3173 3002 3234 Ρ.
3039 3169 3244 3237 MP.
3280 3171 3358 3234 P.

1959 3275 2060 3338 M.
2100 3269 2357 3336 Claudio
2415 3270 2631 3335 Tacito
2652 3308 2671 3344 ,
2724 3265 3089 3330 placidiano
3135 3265 3246 3351 cos?

1940 3442 2314 3528 Zenobiam
2361 3459 2564 3524 rebus
2616 3449 2981 3541 desperatis
3036 3457 3364 3540 Palmyra
3403 3516 3407 3521 .

1839 3561 2138 3647 elapsam
2201 3578 2287 3625 ex
2353 3555 2521 3641 fuga
2590 3552 3359 3639 retrahit,·urbemque

1836 3659 2048 3741 ipsam
2099 3655 2442 3721 deditione
2493 3650 2762 3734 accipit.
2865 3647 3239 3733 Comperto
3285 3651 3362 3712 iu

1837 3754 2179 3830 Thracia,
2237 3748 2680 3831 Palmyrenos
2729 3745 2974 3807 iterum
3020 3744 3357 3839 defecisse,

1838 3852 2161 3914 continuo
2199 3844 2497 3910 reversus
2538 3842 2783 3917 'urbem
2827 3859 3061 3913 eorum
3105 3841 3358 3907 exscin-

1835 3949 1978 4025 dit,
2032 3946 2233 4009 motis
2282 3941 2525 4005 deinde
2568 3940 2635 4015 in
2678 3942 3059 4021 Aegyptum
3106 3936 3357 4014 castriS,

1834 4045 1905 4106 in
1943 4062 2082 4126 qua
2118 4041 2386 4105 Finnus
2423 4034 2855 4118 tyrannidem
2897 4033 3201 4123 arripnit.
3256 4034 3356 4105 Eo

1834 4142 2063 4217 victui,
2150 4150 2215 4200 et
2267 4133 2466 4205 mori,
2496 4142 2741 4207 coacto
2792 4129 3358 4212 'tranquillitatem

1836 4233 2136 4297 restituit.
2205 4233 2282 4295 In
2318 4227 2754 4307 Occidentem
2793 4227 3007 4289 redux
3044 4225 3357 4287 Tetricos

1837 4332 1994 4393 inde
2034 4330 2121 4392 ab
2150 4346 2332 4393 anno
2371 4327 2452 4390 V.
2496 4323 2572 4389 C.
2625 4322 2803 4385 102‘0
2844 4318 3218 4383 Galliarum
3246 4331 3359 4401 ty-

1838 4444 2088 4491 tannes
2131 4426 2241 4489 seu
2265 4424 2519 4501 vincit,
2572 4422 2678 4482 [eu
2707 4415 3014 4478 volentes
3048 4414 3116 4475 in
3151 4413 3355 4477 fidem

1796 4512 2121 4606 Incipit,
2173 4514 2534 4604 magnifico
2579 4516 2849 4576 demum
2907 4522 3064 4572 acto
3129 4510 3360 4571 trium·

1822 4621 1986 4705 -pho
2013 4667 2031 4697 ‚
2088 4637 2292 4701 quem
2337 4611 2638 4679 Zenobia
2688 4607 3077 4691 Tetricique
3118 4592 3360 4669 vicetia

2637 4950 2726 4975 Ἓξ
