4242 5459
1191 522 2027 605 PESCENNIVS
2128 518 2559 602 NIGER.

3292 566 3424 636 ¹55

304 731 595 805 NETA.
623 727 885 806 Avo„
927 725 1038 789 sed
1080 724 1275 790 ethic
1304 728 1562 792 ibidem
1590 727 1839 792 dubiae
1928 741 2255 814 apparet,
2328 727 2512 812 quod
2563 725 2761 814 supra
2820 727 3129 810 adverti,
3196 742 3448 814 utrum2

211 832 217 838 ⁴
313 833 485 902 fidei
524 826 901 916 ignominia
933 836 1224 890 notatur.
1270 824 1331 904 ⁸)
1382 825 1489 887 De
1525 824 1736 888 literis
1762 826 1837 890 Ρ.

313 930 398 995 1².
433 931 629 1008 juxta
657 922 884 1010 pofitis
930 933 1166 1006 agetur
1194 917 1376 986 infra
1428 901 1522 985 ad
1570 918 1842 984 titulum

317 1013 557 1092 Pdtris
589 1020 865 1109 patriae.

629 1209 1103 1278 1MP.CAES.
1143 1207 1219 1276 C.
1271 1204 1504 1278 PESC.
1544 1205 1847 1272 NIGER.

319 1210 431 1285 D·
623 1305 835 1372 AVG.
893 1308 1095 1392 Caput
1132 1306 1501 1371 laureatum.
1683 1371 1688 1375 ,

322 1403 726 1471 FELICIT.
789 1402 1194 1468 TEMPOR.
1266 1401 1521 1486 Duplex
1560 1420 1850 1465 cornuco-

318 1507 476 1588 piae
510 1499 871 1566 intermedia
894 1500 1091 1585 spica.
1166 1499 1310 1563 AR.
1371 1496 1575 1582 (Mus.
1600 1496 1816 1572 Caes.)

433 1599 694 1661 Eadem
732 1594 971 1658 aversa
1008 1591 1096 1656 est
1126 1594 1334 1657 etiam
1366 1594 1436 1657 in
1478 1593 1701 1656 numis
1741 1592 1852 1694 Se-

324 1696 484 1759 veri
513 1693 704 1777 hujus
741 1691 920 1757 anni.
1084 1784 1115 1818 .

320 1877 432 1954 Ε.
629 1882 823 1949 mr.
845 1880 1093 1946 CAES.
1111 1835 1352 1946 PES’C.
1372 1880 1672 1946 NIGER.
1688 1878 1854 1946 lvs

632 1978 824 2043 COS.
863 1977 959 2049 11.
1000 1978 1204 2061 Caput
1246 1979 1618 2043 laureatum.

322 2073 838 2141 FELICITAS.
873 2073 1424 2138 TEMPORVM.
1496 2074 1859 2159 Cam'strum,

322 2194 419 2240 ex
454 2194 577 2259 quo
600 2172 814 2258 spicae
836 2170 1207 2254 promicant.
1258 2170 1407 2231 AR.
1446 2165 1713 2248 (Vaill.)

1092 2262 1122 2293 ff

324 2354 423 2434 F.
624 2360 812 2428 IMP.
872 2319 1116 2425 c'AES.
1175 2316 1680 2424 cfrascm.
1734 2359 1861 2421 m.

637 2457 847 2523 GER.
870 2458 1099 2522 IVST.
1119 2456 1480 2539 AV.Caput
1491 2456 1857 2520 laureatum.

326 2555 863 2621 FORTVNAE.
934 2553 1073 2615 RE.
1123 2556 1191 2614 in
1233 2552 1424 2616 aliis.-
1492 2550 1857 2615 REDVCI.

326 2650 811 2738 udin-sedens
863 2649 926 2715 d.
967 2668 1252 2726 romunt,
1307 2652 1367 2734 s.
1433 2651 1858 2731 cornucopiae.

329 2747 489 2812 AR.
537 2743 746 2833 (Mul.
766 2743 994 2826 Caes.)
1045 2746 1120 2808 In
1169 2745 1359 2806 aliis·
1432 2744 1864 2829 Mulier-stans

335 2845 406 2911 d.
434 2845 943 2930 gubernaculum,
960 2842 1021 2929 J:
1072 2841 1493 2924 cornuqopiae.
1517 2841 1665 2903 AR.
1695 2841 1859 2919 (Pa-

333 2942 447 3005 tin
485 2941 690 3006 Num.
718 2941 967 3027 impp.)

343 3123 458 3200 G.

1073 1111 1104 1147 ff

625 3134 811 3198 IMP.
847 3127 1095 3196 CAES.
1137 3125 1212 3191 C.
1264 3127 1503 3193 PESC.
1560 3128 1863 3198 NIGER.

640 3230 872 3294 IVST.
927 3224 1169 3303 AVG„
1246 3223 1448 3307 Caput
1494 3226 1864 3300 laureatum.

642 3328 726 3391 In
767 3327 954 3401 aliis,
1003 3334 1077 3388 ut
1116 3319 1208 3383 lit.
1256 3319 1345 3383 A.

329 3420 969 3491 1Nv1cT0.1MP
1002 3414 1402 3481 TROPAE.
1475 3417 1862 3499 Tropaeum,

337 3520 438 3586 ad
475 3522 658 3602 cuius
685 3520 875 3581 imum
922 3516 1042 3580 duo
1077 3514 1293 3599 clypei,
1339 3521 1401 3573 et
1435 3513 1689 3575 totidem
1718 3513 1859 3576 tela.

336 3618 493 3682 AR.
516 3616 717 3688 (Mus.
737 3612 923 3675 Caes.
959 3611 1161 3673 vain.
1180 3606 1392 3670 Liebe
1414 3604 1620 3670 Goth.
1644 3605 1861 3684 num.)

449 3709 889 3778 Moreuiusin
916 3691 1866 3789 fim1111egthROPAEA.¹³)

329 3811 414 3874 In
454 3808 636 3882 alio,
692 3805 805 3888 qui
852 3803 1098 3866 citatur
1148 3802 1211 3862 in
1265 3797 1601 3881 Catalogo
1650 3796 1717 3858 d’
1738 3797 1866 3858 En·

326 3923 558 3986 nery,
634 3898 814 3962 abest
866 3895 1275 3961 vocabulum
1304 3893 1702 3971 TROPAE,
1751 3890 1862 3955 nisi

318 4000 524 4062 forte
560 3998 814 4077 injuriis
859 4008 1243 4076 temporum
1274 3988 1555 4074 aufugit.

439 4095 744 4158 Averi'ae
776 4090 1144 4173 epigraphe
1177 4105 1386 4167 usque
1424 4086 1631 4148 modo
1679 4085 1863 4169 igno·

318 4205 458 4274 ta,
514 4200 584 4251 et
632 4201 863 4249 tamen
919 4186 985 4246 iu
1027 4181 1420 4265 synchronis
1470 4182 1702 4244 Severi
1748 4201 1864 4243 nu-

325 4292 473 4353 mis
520 4284 823 4347 occurrit
878 4300 1185 4362 quoque;
1252 4296 1338 4339 ex
1396 4296 1528 4358 quo
1603 4278 1862 4360 liquido

395 4499 465 4562 a)
504 4496 644 4566 Pag.
684 4510 827 4583 ²¹²2
1011 4491 1073 4561 b)
1112 4490 1351 4562 Speeim,
1394 4488 1505 4543 tab.
1552 4491 1659 4551 lx,

1854 4490 1906 4556 c)
1944 4492 2001 4540 in
2037 4486 2260 4543 Pescen.
2299 4502 2343 4539 c.
2380 4502 2436 4553 3.

1932 845 2062 909 que
2100 836 2172 887 ut
2210 842 2404 887 arma
2442 825 2675 900 armis,
2727 821 2812 887 sic
2848 838 2916 889 et
2952 847 3191 891 numos
3226 832 3450 895 numia

1935 919 2333 1005 opposuiss'e.
2386 918 2582 999 Quae
2622 916 2829 984 fuerit
2868 941 2952 985 ea
2995 923 3309 1003 victoria,
3354 926 3450 991 ob

1936 1037 2145 1101 quam
2178 1017 2383 1099 Niger
2423 1012 2704 1079 statuere
2756 1025 3115 1103 tropaeum,
3172 1033 3237 1084 et
3294 1023 3457 1086 invi·

1936 1122 2100 1178 ctum
2139 1112 2201 1174 se
2233 1115 2492 1193 jactare
2521 1112 2704 1195 poss'e
2741 1115 3137 1192 crediderit,
3188 1117 3460 1201 ignora·-

1934 1229 2105 1272 mus.
2163 1206 2430 1270 Certem
2448 1209 2604 1292 agni
2623 1212 3042 1275 monomenti
3070 1230 3206 1275 non
3231 1210 3467 1294 fue&

1940 1306 2192 1390 quippe
2253 1323 2296 1366 a
2359 1304 2793 1389 scriptoribus
2842 1307 3028 1370 nulla
3075 1309 3215 1387 ejus
3273 1306 3467 1373 facta

1940 1402 2237 1477 mentio,
2289 1410 2496 1481 atque
2541 1401 2758 1465 omnis
2803 1422 2888 1466 ea
2931 1402 3081 1469 laus
3129 1406 3220 1469 ad
3256 1403 3478 1480 Seve-d‘

1939 1516 2090 1559 rum
2127 1496 2352 1559 verius
2402 1496 2743 1580 pertinuit.
2975 1517 2978 1520 ·

2694 1591 2724 1624 ἢ

2143 1687 2152 1692 ’
2231 1688 2471 1753 Amica
2501 1689 2760 1752 incerta.
2865 1647 2905 1700 ρ

1940 1783 2469 1849 10V1.PRAE.
2524 1783 2813 1848 ORBIS.
2908 1785 3201 1870 Iuppiter
3237 1787 3459 1878 sedem

1940 1882 2004 1947 d.
2037 1877 2323 1965 su'lmen,
2356 1881 2414 1966 s
2448 1877 2702 1964 hastam.
2752 1882 2900 1945 AR.
2954 1883 3223 1967 (vain.)

2037 1980 2242 2041 Nova
2291 1980 2535 2039 iterum
2593 1974 2868 2038 aversae
2913 1976 3303 2063 inscriptio,
3352 1982 3468 2046 sed

1942 2093 2146 2156 quam
2183 2072 2469 2136 Severus
2494 2089 2764 2155 quoque
2806 2084 3121 2137 monetae
3157 2074 3315 2139 suae
3365 2078 3466 2141 in·

1941 2169 2160 2234 seruit.
2231 2169 2522 2251 Iuppiter
2566 2166 2815 2252 praeses
2883 2167 3059 2232 orbis
3118 2172 3464 2234 veteribus

1834 2273 1841 2280 '
1940 2264 2204 2347 semper
2230 2263 2549 2336 credituS,
2604 2273 2805 2342 atque
2840 2280 3013 2326 nunc
3054 2266 3259 2328 etiam
3303 2270 3464 2330 utri·

1944 2378 2075 2442 que
2133 2355 2402 2420 aemulo
2463 2358 2730 2440 agnitus
2746 2403 2768 2437 ,
2834 2376 2987 2422 cum
3033 2359 3206 2425 alter
3262 2360 3464 2427 alteri

1941 2453 2190 2517 subesse
2233 2454 2661 2517 detrectaret.
2712 2457 2720 2464 '

2690 2548 2723 2582 B

2231 2646 2471 2712 Antica
2509 2595 2765 2712 incerta.

1942 2741 2368 2806 IVSTITIA.
2418 2739 2839 2806 AVGVSTI.
2913 2741 3151 2810 Mulier
3174 2750 3359 2834 stans
3394 2751 3459 2824 d,

1904 2839 2253 2934 stimuum,
2304 2839 2361 2924 s.
2386 2841 2809 2924 cormacopiae.
2830 2839 2973 2905 AR.
3013 2844 3250 2925 (vain.
3270 2845 3463 2910 Pem·
3551 2898 3558 2910 ,

1945 2935 2160 2999 brock
2200 2935 2273 2999 P.
2313 2931 2432 2997 111.
2476 2934 2614 2997 tab.
2663 2934 2818 3018 25.)

2042 3031 2299 3093 Aversa
2344 3051 2429 3093 ex
2469 3032 2871 3114 cognomine
2901 3030 3055 3122 Iusta·
3083 3033 3320 3122 suapte
3343 3036 3472 3103 ssu.
3531 3046 3536 3051 ’

1942 3129 2079 3203 xit,
2140 3127 2323 3209 quod
2364 3126 2759 3191 Pescennius
2807 3127 2926 3192 fibi
2980 3135 3332 3215 proprium
3372 3135 3465 3198 es-

1942 3222 2317 3298 sevoluit,
2389 3234 2456 3284 et
2511 3241 2647 3304 quo
2699 3224 3026 3308 gloriatus
3087 3226 3467 3295 constanter

1945 3316 2055 3382 est.
2111 3318 2289 3380 Sane
2319 3315 2637 3398 justitiam
2700 3318 2790 3380 ab
2840 3339 2922 3382 eo
2992 3322 3220 3406 magni
3271 3323 3465 3389 fuiss'e

1942 3413 2294 3489 habitam,
2350 3410 2528 3474 testis
2553 3411 2639 3474 est
2667 3413 3106 3496 Spartianus,
3161 3421 3276 3498 qui
3309 3439 3466 3483 eum

1940 3510 2036 3571 ni
2023 3509 2114 3570 nil
2144 3508 2348 3569 alieni
2391 3491 2760 3591 appetiisse,
2816 3522 3021 3591 atque
3045 3512 3131 3572 ad
3170 3513 3298 3574 hos
3321 3532 3465 3575 mo·

1944 3623 2051 3667 res
2073 3605 2282 3666 etiam
2310 3604 2592 3665 militem
2628 3603 2814 3664 suum
2854 3604 3140 3689 adegisse
3165 3605 3464 3694 refert.)

2255 3795 2347 3861 Vt
2406 3792 2501 3858 lit.
2553 3797 2629 3860 F.

1948 3888 2766 3959 MART1.AvasT0.
2844 3892 3038 3959 Mars
3062 3896 3370 3979 gradiens
3402 3898 3471 3974 d.
3545 3875 3560 3884 ’

1944 3987 2212 4074 hastam,
2248 3991 2309 4074 s.
2344 3999 2690 4069 tropaeum.
2741 3990 2887 4053 AR.
2941 3992 3135 4068 (Mus.
3177 3993 3412 4081 Caes.)

2247 4082 2341 4150 Vt
2371 4087 2462 4148 lit.
2495 4086 2583 4150 D.

1946 4181 2497 4244 MART1.1NV.
2559 4221 2580 4232 -
2664 4218 2697 4237 -
2768 4219 2792 4233 -

1943 4278 2154 4363 (Mus.
2194 4298 2371 4340 com.
2416 4298 2460 4338 a
2509 4276 2792 4362 Vitzai.)

2861 4183 3034 4250 Idem
3066 4195 3272 4272 typus.
3314 4190 3459 4254 AR.

2917 4571 3069 4635 Va
