4242 5459
744 506 940 628 ‘95

1141 737 1272 804 ·-V.
1320 735 1386 803 c.
1434 738 1558 821 ρης
1606 739 1684 803 P.
1728 740 1815 804 X.
1851 743 1989 822 163.

869 888 875 894 ,
1014 832 1153 926 Τις.
1207 835 1281 898 P.
1316 835 1459 899 III.
1493 835 1675 900 cos.
1708 836 1813 899 [ι.
1855 837 2056 901 IMP.
2091 837 2185 905 η.

1124 930 1361 1014 Incipit
1406 930 2060 999 ARMENJACVS.

933 1122 1043 1186 Ex
1080 1120 1432 1185 vindicata
1462 1141 1588 1208 per
1618 1123 1822 1188 duces
1856 1127 2180 1212 Armenia
2201 1123 2354 1203 fibi,

837 1216 1170 1300 fratrique
1221 1217 1622 1302 imperatoris
1673 1220 1938 1283 titulum
1994 1205 2212 1305 parit,
2285 1234 2360 1285 ut

841 1321 910 1376 et
965 1312 1374 1392 Armeniaci,
1440 1315 1550 1376 red
1597 1335 1799 1398 quem
1852 1317 2168 1381 Aurelius
2236 1316 2359 1383 ali·

841 1420 1095 1492 quanto
1132 1409 1332 1475 [erius
1363 1411 1683 1477 admittit.

836 1593 943 1669 A.
1136 1604 1327 1669 IMP.
1356 1602 1601 1668 CAES.
1614 1603 1696 1667 L.
1716 1604 2037 1670 AVREL.
2041 1604 2358 1682 VERVS

1128 1698 1341 1765 Av-G.
1380 1701 1526 1761 TR.
1580 1701 1653 1764 Ρ.
1696 1701 1823 1763 ΠΙ.
1858 1699 2053 1765 COS.
2097 1700 2183 1763 11.
2238 1702 2360 1768 Ca-

1124 1805 1245 1880 put
1299 1795 1695 1877 laureatum,
1780 1797 1851 1859 in
1923 1797 2077 1862 ΑΕ.
2140 1817 2222 1860 m.
2274 1820 2356 1866 m.

1132 1889 1339 1974 (Mus.
1375 1889 1593 1968 Caes.)

839 1977 931 2052 B.
1127 1986 1320 2048 IMP.
1341 1985 1585 2050 CAES.
1611 1986 1690 2050 L.
1712 1985 2036 2053 AVREL.
2042 1988 2360 2059 VERVS.

1132 2078 1345 2147 AVG.
1399 2081 1603 2166 Caput
1651 2083 2003 2148 laureatum
2028 2129 2048 2161 ,
2116 2086 2216 2148 vel

1071 2207 1075 2211 >
1131 2177 1320 2253 dum,
1370 2182 1437 2242 in
1472 2178 1622 2243 ΑΕ.
1667 2181 1725 2245 Ι.
1768 2183 1954 2244 etiam
1995 2180 2357 2262 radiatum,

1048 2269 1052 2274 ’
1132 2278 1202 2336 in
1234 2271 1383 2338 ΑΕ.
1425 2277 1527 2340 ΙΙ.

843 2360 929 2437 C.
1125 2368 1317 2434 IMP.
1351 2370 1437 2438 L.
1479 2368 1796 2435 VERvS.
1852 2368 2068 2439 AvG.
2160 2365 2362 2459 Caput

909 2483 922 2497 ·
1129 2464 1399 2543 nudum,
1448 2470 1517 2531 in
1561 2467 1713 2533 AR.

839 2557 967 2630 D.-
1128 2561 1319 2626 IMP.
1384 2560 1625 2628 CAES.
1674 2561 1751 2623 L.
1787 2563 2099 2630 VERVS.
2147 2563 2357 2632 AVG.

1129 2656 1334 2743 Caput
1378 2658 1610 2723 nudum
1631 2703 1652 2734 ‚
1701 2660 1771 2720 in
1814 2659 1885 2722 A
1896 2656 1978 2722 V.

840 2747 971 2821 E..
1139 2753 1220 2816 L.
1265 2753 1577 2817 VERVS.
1631 2749 1842 2815 AVG.
1909 2754 2360 2819 ARMENIA-

1134 2846 1328 2912 CVS.
1382 2845 1884 2974 antaradum,
1933 2852 2001 2912 in
2033 2849 2188 2914 AR.

1416 2995 1447 3027 ‘x

1141 3039 1233 3106 Vt
1276 3039 1372 3103 m.
1422 3041 1506 3104 Β.

841 3134 1388 3201 PROFECTIO.
1444 3133 1654 3199 AVG.
1694 3136 1841 3198 TR.
1875 3136 1955 3198 P.
2013 3138 2128 3202 111.
2169 3136 2359 3203 COS.

845 3236 936 3299 11.
992 3234 1060 3297 S.
1109 3231 1184 3298 C.
1234 3233 1594 3315 Imperator
1635 3251 1812 3316 eques
1845 3232 1910 3295 d.
1962 3234 2210 3322 hastam.
2279 3237 2363 3300 In

846 3331 991 3397 aliis
1036 3338 1366 3416 praeterea
1396 3328 1718 3414 praecedit
1732 3331 1964 3415 figura
2016 3331 2315 3395 militaris
2338 3377 2360 3408 ‚

834 3424 1469 3514 tribusst'qumtibus.
1514 3425 1657 3488 ΑΕ.
1682 3426 1734 3489 Ι.
1756 3426 1843 3488 Π.
1904 3427 2105 3509 (Mus.
2135 3424 2359 3509 caer.)

941 3524 1093 3586 Hac
1135 3525 1201 3584 in
1236 3522 1340 3585 his
1375 3521 1596 3584 numis
1634 3522 1908 3605 prodita
1940 3521 2364 3606 profectione

846 3632 968 3686 aut
1004 3619 1397 3704 intessigitur
1430 3638 1552 3693 ea,
1594 3635 1812 3701 quam
1846 3615 1927 3682 ‘is
1974 3618 2041 3679 in
2091 3617 2364 3700 Syriam

843 3713 1272 3794 Parthosque
1312 3734 1397 3775 ex
1456 3711 1621 3774 urbe
1662 3711 1977 3790 instituit,
2031 3713 2151 3776 aut
2209 3733 2363 3777 cum

846 3808 984 3892 ipse
1025 3827 1110 3869 ex
1146 3806 1546 3882 Antiochia,
1602 3824 1740 3889 qua
1801 3811 1869 3873 in
1904 3809 2086 3886 ,urbe
2141 3807 2362 3873 subfli-

846 3901 1375 3978 tit‚·adverfum
1419 3898 1673 3962 hostem
1718 3907 1957 3972 movit.
2041 3905 2218 3967 Nam
2251 3906 2363 3969 etsi

848 3998 988 4082 ipse
1045 3996 1264 4080 magis
1310 3994 1827 4080 voluptatibus,
1911 4020 2115 4084 quam
2169 4000 2367 4064 hosti-

852 4092 981 4155 bus
1011 4093 1185 4154 retia
1207 4092 1525 4169 intendit,
1576 4102 1931 4178 totumque
1971 4095 2220 4158 bellum
2242 4116 2364 4180 per

852 4188 1115 4272 legatos
1150 4186 1478 4262 confecit,
1528 4197 1757 4250 tamen
1805 4202 1954 4254 toto
2003 4191 2363 4273 quadrien-

851 4286 1010 4361 niu,
1086 4284 1269 4366 quod
1327 4282 1507 4344 bello
1568 4281 1723 4345 huic
1771 4285 2139 4369 impensum
2195 4284 2364 4361 fuit,

848 4380 954 4442 bis
993 4376 1517 4461 adEuphratem
1545 4379 1829 4463 impulsu
1863 4382 2187 4444 comitum
2224 4379 2366 4440 suo-

919 4569 975 4650 a’)
1017 4587 1077 4638 in
1109 4585 1278 4638 Vero.
1302 4600 1365 4643 ιο.
1388 4602 1457 4650 ,7.

1666 538 1768 612 L.
1871 535 2558 618 AVRELIVS
2659 532 3132 618 VERvs‘.

2438 760 2588 805 rum
2641 739 2988 828 profectus
3033 738 3166 821 est,
3216 753 3292 807 ut
3352 738 3562 807 refert
3617 739 3954 833 Capitoli·

2438 854 2585 906 nus,
2623 844 2681 917 ⁸)

3173 925 3240 965 n·

2467 1047 2506 1068 ··
2560 1047 2566 1054 ’
2735 1028 2834 1095 Vt
2868 1028 2959 1096 tit.
3009 1035 3090 1098 Ε.
3899 1040 3912 1046 ”

2442 1121 3829 1204 ARMEN.TR.P.111.1MP.11.cos
3866 1130 3958 1194 11.

2442 1223 2751 1288 Armenia
2784 1218 2953 1285 humi
2971 1222 3191 1308 sedens
3217 1225 3382 1287 inter
3418 1243 3601 1287 ama
3629 1228 3852 1309 patria
3883 1223 3954 1290 d.

2441 1327 2628 1402 caput
2656 1316 2871 1403 fulcit,
2903 1319 2963 1403 s.
2997 1321 3180 1385 navis
3205 1340 3444 1403 prorae
3466 1321 3759 1407 imposita.
3810 1323 3958 1387 AR.

2443 1409 2651 1499 (Mur.
2688 1412 2910 1493 Caes.)

2538 1509 2774 1587 Alius,
2827 1507 2945 1597 βά
2967 1510 3099 1597 fine
3144 1510 3496 1576 ARMEN.
3553 1510 3698 1576 AR.
3750 1510 3961 1597 (Mus.

2437 1602 2666 1687 Caes.)

2537 1701 2645 1763 Ex
2702 1700 2807 1765 his
2855 1705 3116 1779 numia,
3202 1702 3319 1785 qui
3391 1703 3639 1765 Verum
3704 1704 3842 1782 iam
3879 1702 3961 1766 in

2435 1794 2786 1860 tribunatu
2829 1798 2950 1862 111.
2981 1800 3426 1864 Armeniacum
3465 1798 3780 1883 produnt,
3831 1798 3962 1860 do-

2441 1911 2716 1970 cemur,
2763 1895 3015 1957 Verum
3053 1895 3233 1957 hunc
3284 1893 3551 1956 titulum
3603 1893 3962 1975 aliquanto

2437 1990 2771 2052 maturius
2791 1987 3004 2052 fratre
3037 1989 3429 2075 adoptass'e3
3481 2008 3640 2051 nam
3677 1989 3784 2050 hic
3819 1990 3964 2071 pri-

2243 2105 2358 2150 nu-
2441 2103 2627 2146 mum
2663 2084 3077 2150 Armeniacus
3114 2084 3354 2171 legitur
3390 2085 3462 2146 in
3493 2086 3710 2147 numis
3746 2083 3959 2145 tribu-

2438 2190 2638 2242 natus
2694 2180 2987 2258 XVIII..
3053 2182 3170 2264 qui
3222 2180 3578 2264 respondet
3655 2178 3962 2242 tribuna-

2437 2276 2542 2338 tui
2574 2277 2735 2338 Veri
2773 2288 3044 2360 quarto.
3150 2276 3376 2339 Etiam
3425 2275 3537 2337 hic
3592 2276 3982 2362 Armeniae

2438 2366 2626 2433 humi
2661 2371 2948 2435 sedentis
2984 2384 3186 2458 typus
3224 2370 3543 2453 frequens
3585 2367 3671 2432 est
3712 2371 3782 2433 in
3814 2373 3963 2433 Au-

2436 2466 2589 2529 relii
2624 2477 2949 2544 moneta,
3000 2468 3109 2530 sed
3151 2481 3219 2530 et
3262 2466 3371 2529 hic
3408 2467 3697 2551 primum
3730 2467 3802 2528 iu
3836 2480 3961 2528 eo-

2435 2562 2594 2625 dem
2657 2560 3005 2625 tribunatu
3081 2563 3329 2627 XVIII.
3516 2562 3691 2623 Vide
3745 2562 3965 2624 etiam

2437 2658 2787 2720 Aurelium
2861 2657 2981 2722 ‚cub
3066 2658 3266 2722 titulo
3332 2657 3715 2722 Armeniaci.
3815 2657 3962 2719 Na-

2437 2752 2546 2814 vis
2600 2753 2903 2816 indicare
2959 2753 3229 2817 videtur
3279 2752 3963 2834 navalemaliquam

2439 2848 2800 2912 victoriam
2836 2850 2920 2911 de
2960 2849 3296 2912 Armeniis
3324 2850 3391 2911 in
3425 2847 3768 2930 Euphrate
3789 2866 3963 2930 pat..

2437 2954 2605 3010 tam.
2657 2945 2748 3006 Hi
2783 2945 2992 3020 numi,
3035 2947 3228 3028 quod
3263 2945 3504 3018 norim,
3559 2943 3737 3005 unici
3778 2941 3961 3021 sunt,

2440 3042 2557 3123 qui
2603 3058 2755 3103 cum
2785 3039 3133 3102 tribunatu
3180 3039 3301 3103 111.
3341 3042 3743 3122 conjungant
3783 3038 3958 3100 titu-

2436 3133 2576 3198 lum
2608 3135 2795 3201 IMP.
2834 3134 2920 3198 11.

2537 3230 2808 3314 Reliqui
2871 3230 3108 3294 numi:
3209 3229 3496 3310 FELIC.
3562 3227 3774 3302 AvG,
3842 3230 3972 3294 vel

2442 3326 2723 3391 FORT.
2773 3326 2985 3389 RED.
3051 3329 3162 3389 vel
3234 3326 3534 3390 SALVT
3540 3327 3592 3391 1.
3673 3323 3970 3387 Ava-

2442 3421 2705 3486 STOR.
2749 3423 2984 3485 addito
3022 3422 3280 3506 semper
3313 3422 3463 3485 ΤΚ.
3505 3422 3579 3486 Ρ.
3616 3421 3738 3486 111.
3762 3418 3970 3485 COS.

2444 3518 2531 3584 11.
2583 3530 2653 3581 et
2687 3538 2845 3583 cum
2889 3519 3073 3603 typis
3103 3515 3420 3602 propriis.

2781 3710 2871 3776 V.
2924 3709 2988 3775 C.
3038 3729 3161 3794 917
3211 3710 3288 3774 P.
3339 3708 3426 3774 X.
3477 3711 3624 3793 164.

2449 3809 2585 3877 TR.
2624 3808 2707 3875 P.
2779 3805 2916 3871 IV.
2975 3805 3156 3870 COS.
3203 3806 3306 3871 ῙΙ.
3352 3802 3813 3871 ARMAMP.
3855 3804 3980 3871 11.
4045 3877 4056 3886 ‚

2547 3994 2880 4080 Ephesum
2939 3993 3424 4083 proficiscitur,
3493 4007 3566 4057 ut
3620 3992 3984 4059 Lucillam

2448 4087 2718 4154 Aurelii
2757 4091 3010 4175 filiam,
3054 4105 3128 4155 et
3163 4090 3560 4154 destinatam
3618 4087 3728 4149 fibi
3793 4108 3987 4154 uxo-

2449 4207 2588 4248 rem
2630 4189 2989 4273 exciperet.
3041 4187 3305 4250 Bellum
3365 4184 3752 4248 Parthicum
3802 4201 3987 4249 con.

2446 4283 2767 4347 tinuatur.
