4242 5459
843 575 977 642 232

817 756 1046 822 Nolim
1095 770 1246 817 cum
1281 739 1636 815 Harduino
1678 766 1918 815 numos
1982 769 2218 815 omnes
2275 757 2341 812 et

806 871 1186 931 marmora,
1240 868 1414 931 quae
1437 846 1899 910 Alexandrum
1937 850 2189 914 Felicem
2226 868 2343 930 ap-

807 950 1115 1038 pellant,
1171 945 1469 1030 suspecta
1505 955 1767 1028 putare.
1799 943 1860 1028 ⁵¹)
1911 947 2089 1008 Nam
2130 945 2341 1007 nimis

811 1044 1135 1133 gravibus
1200 1043 1465 1124 utrique
1523 1038 1916 1104 testimoniis
2000 1042 2337 1117 nituntur,

815 1156 885 1207 et
912 1141 1043 1205 fuit
1080 1136 1668 1203 sane-Alexandro
1719 1139 1788 1200 in
1822 1149 2182 1221 utrumque
2220 1157 2337 1199 no·

811 1258 968 1302 rnen
1002 1240 1147 1321 juS‚
1189 1247 1495 1300 tractum
1537 1232 1793 1317 quippe
1833 1233 1924 1297 ab
1958 1235 2336 1318 adoptante

814 1331 1244 1420 Elagabalo,
1295 1343 1413 1409 et,
1466 1342 1540 1391 ut
1576 1330 1766 1393 credi
1813 1328 2070 1410 voluit,
2139 1342 2332 1414 patre

807 1428 1104 1495 naturali
1143 1425 1539 1503 Caracalla,
1595 1445 1772 1510 quae
1807 1426 1960 1489 saue
1983 1427 2162 1489 ratio
2212 1447 2334 1489 ve·

811 1549 892 1593 ra
931 1545 1099 1613 prae
1144 1526 1401 1602 altera,
1456 1541 1662 1606 quam
1689 1520 1911 1585 statuit
1946 1521 2335 1607 Lampridi-

807 1646 888 1690 us
912 1673 933 1703 ‚
982 1623 1095 1706 qui
1122 1622 1209 1686 ab
1246 1619 1399 1684 aliis
1437 1620 1619 1684 Pium
1648 1615 2071 1704 appellatum
2099 1618 2332 1697 refert,

805 1722 918 1786 sed
955 1719 1183 1806 potius
1225 1738 1310 1780 ex
1339 1717 1662 1802 opinione
1698 1704 1996 1805 vulgi.¹')
2054 1719 2141 1778 At
2166 1736 2328 1779 vero

805 1836 989 1884 anno
1035 1818 1309 1880 demum
1354 1817 1438 1878 V.
1500 1811 1580 1878 C.
1628 1823 1772 1893 984
1804 1813 2331 1897 peculiariquo·

807 1917 969 1979 dam
1008 1913 1219 1977 modo
1253 1910 1354 1974 illi
1396 1907 1604 1972 fuerit
1636 1908 1948 1972 decretus
2006 1910 2116 1974 Pia·
2172 1910 2328 1971 titu-

703 1985 718 2000 ³
802 2012 948 2090 lus,
1000 2021 1067 2073 et
1099 2004 1508 2072 hauddubie
1532 2024 1653 2090 per
1689 2004 2059 2090 spectatam
2095 2007 2164 2069 in
2191 2025 2329 2068 ma·

801 2121 977 2172 trem
1017 2107 1341 2191 pietatem
1367 2149 1386 2179 ,
1439 2114 1644 2187 atque
1694 2103 1749 2166 is
1798 2116 2164 2189 propterea
2196 2122 2334 2165 non

803 2206 1098 2289 amplius
1138 2202 1459 2285 deinceps
1494 2199 1918 2262 intermissus.

902 2300 1148 2387 Caesar.
1219 2296 1576 2359 Notandus
1637 2297 1882 2358 iterum
1953 2297 2331 2381 geminatus

800 2395 1184 2483 Lampridii
1228 2411 1459 2470 error,
1513 2393 1627 2476 qui
1671 2392 2129 2457 Alexandrum
2167 2413 2331 2455 mox

798 2507 1075 2558 mortuo
1112 2491 1425 2555 Macrino
1477 2487 1790 2575 Caesarem
1834 2488 2151 2555 alenam
2200 2507 2327 2572 ap-

799 2590 1130 2676 pellatum
1173 2585 1415 2650 statuit.
1458 2583 1518 2665 ⁰)
1617 2584 1818 2647 Aliud
1859 2585 2105 2646 docent
2144 2585 2277 2645 Dio
2304 2628 2323 2656 ‚

801 2686 1342 2761 etHerodianuS,
1394 2694 1466 2744 ut
1493 2680 1607 2744 suo
1627 2679 1784 2741 loco
1821 2677 2323 2741 estindicatum.

949 2935 984 2942 .-
1014 2875 1120 2941 De
1150 2883 1420 2956 tempore
1465 2871 1689 2934 mortis
1721 2866 2102 2934 Alexandri.
2168 2918 2185 2927 -

889 3063 994 3127 Ex
1019 3061 1275 3127 disertis
1298 3037 1525 3125 &erbis
1557 3060 1957 3147 Lampridii,
2013 3063 2126 3146 qui
2165 3062 2321 3125 Ale·

792 3161 1132 3227 xandrum
1168 3159 1525 3242 imperasse
1559 3177 1774 3221 annos
1800 3159 1979 3226 xm.
2014 3159 2158 3221 dies
2195 3159 2314 3225 IX.
2349 3226 2353 3230 ,

794 3257 1083 3340 adserit,
1119 3246 1179 3340 d)
1235 3256 1486 3319 necesse
1521 3253 1607 3317 est
1631 3302 1650 3330 ‚
1703 3267 1775 3318 ut
1811 3258 1950 3336 jam
1991 3254 2188 3341 supra
2224 3258 2314 3320 ad

790 3374 1044 3419 annum
1079 3356 1160 3417 V.
1202 3350 1280 3419 C.
1314 3365 1450 3434 988
1502 3353 1971 3427 adverteram,
2054 3343 2314 3416 bonum

789 3452 970 3517 hunc
1038 3452 1415 3539 principem
1474 3449 1738 3512 caesum
1795 3451 2091 3529 ejusdem
2154 3451 2314 3515 anni

787 3548 1012 3616 mense
1069 3550 1350 3614 Martio.
1444 3549 1532 3610 At
1569 3546 2032 3610 ·Herodianus
2093 3566 2311 3611 annos

787 3647 968 3711 XIV.
1002 3647 1273 3732 imperii
1313 3645 1709 3722 Alertandro
1771 3641 2024 3708 tribuit.
2113 3646 2313 3708 Vete-

784 3760 935 3803 rum
962 3739 1355 3825 scriptorum
1378 3741 1497 3803 alii
1524 3760 1673 3802 cum
1699 3739 2128 3825 Lampridio,
2165 3761 2320 3806 cum

789 3835 1190 3900 Herodiano
1227 3837 1346 3899 alii
1383 3836 1822 3899 consentiunt.
1872 3837 2179 3901 Medium
2220 3840 2312 3902 in·

786 3945 894 3995 ter
925 3932 1053 3995 hos
1088 3944 1367 4017 ternpus,
1395 3929 1717 3994 definiunt
1754 3930 2010 4016 Glycas
2069 3947 2134 3997 et
2193 3933 2315 3999 Ce-

787 4028 1036 4091 drenus
1062 4074 1081 4104 ‚
1134 4031 1250 4110 qui
1300 4027 1651 4111 impet-affe
1673 4047 1888 4092 annos
1921 4031 2106 4094 XIII.
2128 4051 2315 4095 men-

790 4123 888 4188 ses
929 4124 1120 4190 vm.
1166 4121 1473 4187 statuunt.
1526 4125 1964 4189 Recentiores
2010 4126 2315 4212 plerique

790 4219 1195 4308 Lampridio
1267 4219 1778 4294 adhaerendum
1847 4227 2132 4307 putant}
2199 4225 2316 4309 qui

864 4466 919 4520 a)
959 4462 1113 4536 opp.
1152 4461 1243 4518 sel.
1283 4479 1345 4535 p.
1382 4473 1502 4529 εις).
1541 4471 1663 4529 823.
1927 4462 1989 4530 b)
2038 4465 2118 4517 Ca
2167 4510 2182 4526 ,
2216 4482 2269 4531 4.

794 4533 847 4597 e)
889 4529 1189 4591 Animadv.
1228 4536 1283 4584 in
1325 4530 1456 4584 mus.
1495 4530 1596 4583 Pis.
1633 4531 1780 4591 Part.
1818 4532 1893 4585 II.
1933 4549 1987 4601 p.
2032 4551 2093 4601 14
2132 4572 2145 4586 .

794 4604 979 4677 priam,
1173 4600 1235 4669 h)
1278 4602 1453 4655 Critic.
1497 4600 1697 4654 Baton.
1738 4599 1814 4654 ad
1847 4618 1984 4661 ann.
2024 4619 2144 4672 235.

2317 4536 2360 4670 3
2395 4537 2585 4660 l1:.'1.1.
2619 4539 2690 4593 de
2725 4540 2867 4596 offic.
2903 4540 3143 4616 praetor.

1606 539 2449 622 ALEXANDER
2551 539 3180 624 SEVERVS.

2429 749 2609 811 adeo
2686 746 2906 811 mense
2977 745 3238 814 Martio
3302 739 3731 811 interfectum
3802 749 3959 813 Ale-

2424 848 2764 910 xandrum
2819 843 3225 921 conficiunt,
3304 861 3476 929 quos
3542 850 3960 930 compendio

2424 945 2673 1005 citatos
2698 943 2852 1006 vide
2875 944 3054 1027 apud
3079 942 3580 1007 Mazzolenum.
3610 939 3670 1023 ‘)
3724 941 3959 1025 Quam

2425 1037 2817 1102 sententiam
2868 1039 3113 1123 cupide
3153 1038 3456 1123 amplexi
3498 1038 3638 1103 sunt
3681 1041 3778 1116 ii.
3832 1043 3953 1127 qui

2420 1135 2577 1198 trib.
2622 1131 3018 1220 potestatem
3066 1134 3281 1197 natali
3336 1136 3605 1219 imperii
3657 1156 3956 1202 renova-

2421 1243 2565 1294 tam
2604 1231 3113 1296 contenderunt.
3167 1230 3345 1294 Nam
3388 1230 3774 1297 {istatuatur
3798 1235 3956 1298 Ale-

2421 1330 2685 1392 xander
2725 1330 2795 1391 in
2835 1335 3174 1392 autumno·
3208 1342 3537 1404 mortuuS,
3593 1330 3779 1415 qnod
3810 1331 3952 1394 sen-

2404 1424 2555 1512 Jiffe
2594 1426 2771 1490 alios
2814 1445 2978 1488 mox
3018 1424 3407 1489 videbimus
3433 1477 3454 1507 ,
3506 1427 3785 1490 modum
3810 1447 3951 1493 non

2418 1541 2727 1606 reperere
2753 1569 2773 1601 ,
2827 1540 2961 1607 quo
2998 1521 3378 1586 successoris
3429 1525 3784 1589 Maximini
3826 1527 3959 1590 tri-.

2416 1617 2746 1683 bunatum
2792 1617 2908 1682 1v.
2961 1620 3431 1686 extunderent.

2509 1720 2602 1779 At
2636 1716 2816 1778 enim
2883 1715 3024 1779 sunt
3071 1730 3471 1802 argumenta
3520 1716 3585 1779 in
3641 1717 3937 1799 speciem

2413 1814 2655 1896 gravia
2679 1859 2700 1890 ‚
2748 1832 2924 1896 quae
2945 1809 3217 1875 differre
3248 1813 3617 1877 Alexandri
3644 1831 3943 1881 mortem

2412 1907 2644 1971 saltem
2683 1928 2895 1995 usque
2932 1910 3001 1971 in
3050 1922 3447 1974 autumnum
3486 1910 3643 1974 anni
3704 1913 3786 1975 V.
3846 1911 3927 1977 C.

2417 2017 2553 2087 988
2598 2017 2864 2091 cogunt.
2918 2003 3149 2069 Exstat
3173 2004 3284 2069 lex
3318 2007 3482 2070 data
3517 2004 3607 2071 ab
3646 2009 3937 2073 Alexan-

2419 2103 2769 2187 dro'Aug.
2826 2103 2936 2166 die
2994 2102 3179 2167 XIII.
3251 2100 3523 2188 Augusti
3574 2103 3825 2169 Severo
3869 2120 3937 2169 et

2412 2198 2791 2282 Quintiano
2833 2199 3008 2274 con,
3082 2201 3195 2283 qui
3250 2198 3579 2264 saliorum
3635 2203 3942 2266 omnium

2416 2295 2731 2360 consensu
2772 2295 3226 2381 processerunt
3259 2299 3340 2358 V.
3385 2295 3462 2360 C.
3523 2309 3685 2379 988.
3755 2299 3939 2385 Ergo

2421 2394 2808 2457 Alexander
2837 2392 3058 2455 mense
3085 2390 3375 2477 Augusto
3400 2392 3595 2472 hujus
3616 2396 3785 2468 ‘anni
3811 2396 3943 2462 ad-

2419 2489 2549 2551 huc
2583 2488 2901 2574 superstes
2940 2487 3090 2552 fuit.
3144 2489 3296 2551 Hoc
3337 2491 3595 2554 codicis
3631 2490 3936 2556 Iustinia-

2415 2588 2522 2647 nci
2569 2585 2921 2648 oraculum
2983 2573 3029 2664 f)
3080 2585 3254 2649 tanti
3286 2585 3494 2648 visum
3537 2585 3625 2649 est
3667 2591 3935 2652 erudito

2417 2679 2832 2758 Dodwello‚
2900 2692 2973 2744 ut
3024 2686 3168 2764 jam
3234 2683 3321 2745 de
3384 2694 3695 2769 tempore
3759 2685 3933 2749 caefi

2415 2774 2790 2838 Alexandri
2822 2777 3123 2854 dubitari
3147 2797 3281 2843 non
3314 2778 3497 2863 poss'e
3533 2782 3787 2845 audeat
3812 2784 3935 2845 ad—

2409 2871 2646 2936 serere.
2681 2876 2736 2949 ὅ)
2820 2873 3082 2937 Eodem
3114 2923 3136 2953 ,
3231 2876 3513 2961 opinor,
3566 2898 3653 2940 ex
3704 2879 3933 2963 capite

2409 2966 2907 3033 Mediobarbus
2952 2972 3325 3037 Alexandri
3383 2986 3674 3037 mortem
3709 2975 3777 3037 in
3796 2976 3931 3040 Oc·

2408 3065 2658 3127 tobrim
2693 3063 2942 3130 differt.
3018 3070 3330 3132 Advertit
3369 3072 3426 3133 is
3477 3073 3693 3133 nodus
3736 3072 3936 3158 Pagi-

2406 3181 2568 3240 um,
2624 3181 2911 3246 cumque
2964 3166 3106 3246 jam
3161 3166 3399 3229 meniis
3445 3167 3739 3231 Martius
3786 3172 3933 3249 ejtts

2404 3259 2705 3322 animum
2741 3261 3128 3346 occupasset
3153 3310 3175 3346 ,
3230 3262 3471 3326 maluit
3504 3266 3825 3327 mendum
3854 3268 3931 3329 in

2402 3355 2551 3439 lege
2607 3352 2960 3440 suspicari,
3032 3369 3099 3419 et
3152 3359 3498 3438 adserere,
3584 3381 3710 3446 pro
3762 3361 3931 3427 idib.

2400 3464 2580 3536 Aug.
2620 3453 2973 3536 legendum
3027 3453 3180 3540 idib.
3238 3457 3386 3522 Ian.
3456 3458 3567 3520 vel
3618 3455 3804 3524 Febr.
3850 3450 3926 3539 ιι)

2398 3554 2492 3613 At
2530 3551 2707 3611 enim
2744 3549 2929 3612 aliud
2967 3563 3432 3636 argumentum
3494 3555 3715 3639 priore
3750 3555 3932 3618 mul-

2398 3654 2475 3709 to
2508 3646 2804 3709 validius
2828 3647 2914 3709 ad
2943 3647 3390 3712 differendam
3422 3651 3489 3713 in
3529 3663 3936 3716 autumnum

2397 3742 2773 3806 Alexandri
2835 3756 3125 3808 mortem
3181 3767 3266 3810 ex
3338 3766 3549 3813 numo
3604 3746 3925 3813 Amaliae

2400 3840 2639 3918 Ponti,
2697 3852 2764 3904 et
2810 3839 3127 3929 inscripta
3168 3844 3324 3906 huic
3362 3846 3630 3930 epocha
3669 3845 3935 3931 reperit

2401 3937 2867 4004 Mazzolenus.
2920 3937 2970 4014 ς)
3044 3938 3292 4024 Coepit
3340 3961 3509 4004 aera
3567 3940 3930 4020 Amasiae,

2400 4046 2474 4096 ut
2512 4035 2582 4097 in
2621 4038 2763 4117 ejus
2815 4036 3038 4098 numis
3097 4035 3760 4115 demonstravimus„
3856 4041 3933 4104 in

2396 4143 2726 4193 autumno
2765 4134 2924 4196 anni
2968 4134 3048 4197 V.
3090 4131 3165 4199 C.
3204 4146 3363 4219 747.
3453 4129 3684 4198 Exstat
3732 4136 3931 4221 apud

2396 4227 2843 4293 Vaillantium
2866 4248 3106 4295 numus
3146 4226 3514 4297 Mamaeae
3548 4231 3929 4298 Amasenus

2545 4469 2592 4528 c)
2642 4472 2704 4528 in
2744 4473 2906 4527 Alex.
2945 4490 2990 4525 e.
3034 4490 3083 4532 ι.
3120 4483 3175 4528 et
3211 4492 3259 4530 2.
3502 4471 3598 4540 1d)
3648 4473 3731 4527 Cn
3781 4513 3797 4528 .
3836 4476 3931 4529 60.

3338 4547 3392 4616 g)
3434 4541 3643 4598 Diffctt.
3682 4492 3791 4599 Χῖ.
3812 4544 3930 4616 Cy-
