4242 5459
961 568 1107 642 394

958 744 1266 834 gradiens
1282 790 1301 823 ‚
1363 762 1526 829 prae
1588 760 1708 833 quo
1738 747 1927 829 caput
1978 735 2287 807 bovinum.
2341 740 2489 808 AR.

961 843 1172 931 (Mus.
1201 839 1426 925 Caes.)

1006 1082 1009 1089 -
1315 1034 1401 1102 V.
1438 1033 1504 1099 C.
1546 1053 1718 1117 1019.
1766 1032 1843 1097 P.
1880 1030 1966 1100 X:
1991 1033 2144 1099 266.

1014 1132 1154 1200 ΤΚ.
1194 1133 1275 1199 Ρ.
1313 1130 1513 1197 XIV.
1553 1129 1731 1194 COS.
1781 1129 1943 1196 VII.
1982 1130 2061 1195 P.
2101 1129 2207 1195 M.
2250 1126 2328 1194 Ρ.
2352 1126 2435 1194 Ρ.

994 1329 1005 1343 .
1092 1229 1367 1295 GaHieno
1408 1229 1590 1312 Aug.
1642 1226 1811 1293 VII.
1836 1274 1856 1306 ,
1907 1224 2209 1293 Sabinillo
2249 1226 2359 1312 coſs

1054 1423 1164 1486 Ad
1199 1420 1376 1485 hunc
1423 1441 1673 1485 annum
1719 1419 2203 1485 Tillemontius
2244 1415 2489 1499 Bithy-

953 1521 1179 1597 niam,
1261 1530 1328 1580 et
1379 1536 1697 1602 magnam
1747 1513 1945 1581 Aliae
1988 1514 2270 1578 minoris
2329 1532 2481 1598 par-

957 1630 1095 1680 tem
1147 1634 1189 1677 a
1226 1613 1499 1696 Scythis
1556 1615 1789 1675 mil'ere
1828 1610 2161 1677 vastatam
2199 1606 2429 1673 refert.

1053 1710 1311 1775 Desunt
1343 1712 1511 1773 certi
1547 1709 1746 1791 hujus
1776 1710 1956 1772 anni
1990 1709 2200 1773 numi.

1309 1901 1394 1968 V.
1438 1899 1505 1968 C'.
1526 1921 1707 1967 1020.
1752 1898 1830 1968 P.
1868 1900 1956 1968 X.
1984 1901 2143 1986 267.

1027 1999 1264 2071 TRP.
1307 1997 1472 2065 XV.
1501 1998 1684 2065 COS.
1729 1994 1897 2064 VII.
1948 1999 2026 2063 Ρ.
2061 1999 2164 2063 M.
2212 1995 2293 2064 Ρ.
2332 1997 2409 2062 Ρ.

1288 2098 1576 2163 Paterno
1599 2144 1623 2181 ,
1670 2094 1986 2188 Arcesilan
2022 2094 2135 2183 cos.

1046 2293 1527 2359 Gothiiterum
1583 2288 1954 2364 Moesiam,
2007 2287 2245 2352 Heruli
2270 2284 2476 2351 Grae-

952 2395 1129 2455 ciam
1174 2403 1238 2454 et
1282 2389 1501 2463 Aliam
1530 2383 1810 2450 vastant.
1865 2384 2123 2447 Contra
2165 2383 2291 2447 hos
2312 2382 2478 2450 Gal-

952 2490 1168 2552 lienus
1204 2488 1273 2550 in
1302 2482 1668 2548 Graeciam
1706 2478 2172 2568 proficiscitur.

1688 2637 1727 2677 ἡ

1238 2683 2031 2798 GAL1.1’i⁴:NVS.·A*vG.
2117 2730 2319 2816 caput
2355 2746 2471 2795 ra-

1240 2830 1503 2892 diacum.

942 2970 1022 3034 P.
1070 2965 1164 3028 M.
1208 2963 1355 3026 ΤΒ.
1406 2962 1483 3025 Ρ.
1530 2960 1672 3023 XV.
1710 2958 1784 3024 P.
1816 2961 2063 3028 RVH.
2109 2956 2184 3022 C.
2229 2961 2469 3047 Neptu·

935 3083 1061 3128 nus
1093 3060 1354 3125 dextero
1389 3056 1543 3141 pede
1567 3072 1808 3143 prorae
1841 3058 2025 3122 navis
2052 3056 2327 3141 imposito
2354 3104 2371 3134 ,
2407 3057 2465 3144 s.

939 3146 1291 3225 tridentem.
1361 3153 1505 3217 AR.
1581 3152 1784 3240 (Mus.
1843 3152 2067 3233 Caes.)
2145 3150 2286 3217 AE.
2341 3152 2465 3221 111.

984 3255 1238 3331 Band.)

939 3251 981 3345 <
1035 3353 1323 3417 Videtur
1342 3360 1551 3432 typus
1575 3347 1663 3411 ad
1688 3345 2099 3430 Scytharum
2116 3345 2463 3412 fortunam

933 3447 1374 3523 referenduS,
1427 3464 1715 3530 quorum
1755 3444 1990 3523 multi,
2042 3463 2196 3508 cum
2235 3442 2462 3533 ‘onusti

932 3547 1162 3635 spoliis
1209 3542 1401 3608 Asiae
1438 3545 2288 3637 domumsreverterentur,
2342 3554 2462 3605 aut

930 3641 1338 3725 naufragiO,
1392 3652 1512 3703 aut
1555 3636 1787 3703 navali
1835 3638 2013 3703 bello
2065 3639 2280 3701 attriti
2334 3660 2456 3722 pe·

932 3728 1228 3814 rierunt,
1283 3750 1356 3799 ut
1388 3749 1621 3799 narrat
1654 3730 2148 3818 Trebellius.⁸)
2201 3732 2454 3798 Postre-

931 3853 1087 3899 mae
1125 3840 1335 3897 notae'
1372 3830 1555 3897 vnc
1611 3829 1980 3914 fignificare
2035 3832 2454 3896 consulatum

932 3931 1078 3996 VII.
1112 3948 1246 3991 nou
1280 3926 1544 4013 possunt
1568 3974 1589 4005 ,
1640 3947 1799 3989 nam
1833 3944 1875 3988 a
1899 3927 2162 4012 reliqua
2188 3930 2454 4023 epigra-

933 4027 1067 4113 phe
1110 4022 1382 4087 avulsae
1410 4026 1637 4086 inimo
1676 4021 1864 4085 numi
1902 4022 2244 4108 segmento
2270 4045 2460 4089 com-

934 4132 1215 4210 parent,
1285 4132 1352 4183 et
1402 4117 1661 4195 exstant¹
1713 4120 1923 4180 etiam
1974 4119 2220 4182 eodem
2296 4122 2458 4186 loco

932 4224 1000 4285 in
1046 4217 1264 4283 numis
1304 4214 1576 4276 FORT.
1632 4214 1989 4292 REDVX,
2043 4217 2203 4299 quin
2266 4230 2331 4281 et
2388 4220 2456 4280 in

916 4316 1132 4400 ipsius
1166 4312 1535 4376 saloninae
1578 4310 1797 4372 numis
1852 4311 2194 4376 nonnullis
2251 4313 2457 4377 musei

937 4411 1275 4476 Caesarei.

2158 533 2958 618 GALLIENVS.

2887 742 2975 810 V.
3028 740 3093 810 C.
3143 764 3316 812 1021.
3369 745 3447 810 P.
3497 745 3585 812 Χ.
3634 747 3778 825 263.

2584 839 2724 910 ΤΚ.
2772 841 2854 907 Ρ.
2911 841 3110 907 XVI.
3163 841 3345 908 coS.
3399 842 3570 909 VII.
3618 845 3690 907 Ρ.
3739 845 3828 909 M.
3859 842 3921 912 P.
3947 844 3998 917 P.

2831 939 3113 1004 Paterno
3150 939 3195 1005 I
3195 940 3252 1008 I.
3292 939 3662 1005 Mar-iniant»
3696 943 3798 1027 cos.

2671 1132 2748 1195 In
2781 1133 3051 1199 Italiam
3075 1144 3357 1220 propter
3375 1132 3654 1196 Aureoli
3674 1131 3998 1211 seditionem,
4115 1110 4116 1125 ἵ

2577 1231 2691 1313 qui
2735 1229 2861 1292 sese
2903 1232 3389 1316 imperatorem
3447 1231 3744 1306 dixerat,
3791 1249 3995 1294 revoca·

2572 1337 2680 1389 tus
2714 1326 2784 1388 in
2820 1326 3163 1391 obsidione
3206 1325 3624 1402 Mediolani,
3673 1327 3829 1388 intra
3872 1330 3996 1405 cujus

2574 1442 2804 1497 muros
2868 1444 3019 1486 eum
3076 1425 3552 1507 compulerat,
3625 1443 3666 1485 a
3716 1424 3995 1503 conjuratis

2569 1515 2976 1603 flagitiosum
3019 1520 3392 1605 principem
3453 1520 3709 1603 longius
3761 1516 3994 1601 pertaesis

2569 1614 2967 1678 interficitur
2994 1614 3210 1677 mense
3237 1615 3519 1697 Martio,
3574 1614 3766 1698 (Vide
3795 1614 3850 1675 in
3881 1612 3996 1680 trib.

2569 1711 2754 1797 pot.)
2822 1714 3069 1776 aetatis
3136 1713 3232 1789 L·,
3299 1727 3370 1776 ut
3429 1713 3669 1776 diserte
3725 1712 3913 1774 Victor
3949 1711 3993 1770 in

2567 1809 2638 1871 in
2697 1809 3032 1891 Epitome.
3383 1836 3390 1843 ·

2670 1906 2867 1968 Hunc
2924 1908 3180 1968 exitum
3251 1918 3493 1969 nactus
3557 1904 3644 1971 est
3698 1905 3992 1974 Gallienus,

2571 2022 2768 2085 quem
2813 2003 2995 2064 vitiis
3051 2001 3365 2063 omnibus
3405 2016 3784 2091 coopertum
3830 1998 3992 2085 prodi·
4115 2024 4116 2039 π

2572 2101 2729 2161 dere
2764 2097 3152 2181 scriptores,
3206 2098 3464 2180 quique
3503 2120 3637 2163 non
3701 2100 3777 2161 ad
3825 2094 3993 2179 regeti-

2564 2198 2726 2259 dam
2776 2193 3484 2279 rempublicam,·sed
3527 2197 3614 2259 ad
3664 2193 3922 2260 desidiam
3949 2198 3992 2248 et

2565 2290 2996 2371 voluptatum
3035 2291 3631 2372 intemperantiam
3670 2301 3903 2354 vocatus
3929 2285 3989 2344 vi·

2559 2389 2876 2462 debatur,
2931 2405 3065 2470 quo
3095 2397 3408 2468 tempore
3469 2389 3738 2450 divisum
3771 2387 3905 2449 inter
3923 2390 3990 2442 tot

2557 2496 2888 2566 tyrannos
2928 2470 3330 2567 imperium,
3382 2482 3813 2547 barbarorum
3855 2476 3987 2539 undi-

2559 2599 2689 2663 que
2713 2578 3232 2663 irrumpentium
3275 2578 3707 2658 incursiones,
3753 2573 3905 2663 pestis
3928 2572 3986 2633 in·

2557 2677 2641 2737 de
2684 2673 3195 2737 aTreboniano
3243 2674 3604 2740 saevientis
3637 2675 3988 2760 repetitam·

2554 2771 2625 2835 la
2656 2767 2948 2847 fortem,
3001 2770 3375 2849 excelsum,
3446 2785 3521 2834 et
3567 2786 3783 2837 natum
3834 2764 3899 2830 ad
3924 2761 3985 2822 su·

2553 2865 2698 2929 bita
2734 2864 3005 2928 consilia
3049 2868 3350 2928 animum
3399 2866 3827 2948 postulabant.
3867 2861 3984 2939 Ejus

2551 2964 2889 3049 ingenium
2925 2960 3222 3044 crudele,
3275 2975 3340 3026 et
3378 2965 3827 3037 in‘vindictam
3854 2971 3985 3042 prae·

2553 3079 2712 3146 ceps
2751 3078 2835 3120 ex
2885 3061 3026 3139 ejus
3080 3071 3276 3143 potes
3313 3057 3599 3145 epistola
3654 3058 3982 3138 intelligere,

2551 3177 2690 3241 qua
2749 3153 3054 3218 Celerem
3109 3158 3480 3219 Verianum
3523 3156 3630 3221 'ad
3693 3146 3985 3243 perdendos

2550 3262 2712 3330 eoS,
2767 3254 2881 3334 qui
2930 3254 3221 3337 Ingenuo
3257 3265 3557 3334 tyranno
3607 3253 3820 3317 favere
3855 3242 3983 3306 vide·

2545 3361 2817 3424 rentur,
2872 3347 3180 3411 hortatur
3227 3344 3797 3415 teste-Trebellio:
3836 3331 3884 3422 b)
3921 3334 3981 3397 1³·

2545 3464 2710 3524 cera,
2763 3444 2981 3522 occide,
3033 3444 3317 3520 conl-idm
3365 3447 3638 3511 animum
3668 3462 3834 3508 meum
3866 3428 3984 3499 inte!-

2543 3544 2738 3628 ligere
2775 3549 2955 3626 potes
2977 3590 2996 3618 ,
3038 3560 3170 3607 mea
3202 3540 3397 3605 mente
3438 3545 3724 3631 irafiere,
3769 3536 3857 3624 qui
3883 3528 3983 3594 kalt

2540 3660 2730 3705 manu
2750 3632 2884 3702 me'a
2901 3638 3130 3725 scripst.
3185 3637 3366 3703 Tam
3403 3638 3721 3725 pel-versis
3753 3626 3980 3696 moribus

2541 3755 2693 3799 cum
2735 3736 2932 3813 ess'et,
2986 3749 3419 3817 nequaquam
3473 3738 3750 3814 mirum,
3806 3725 3877 3790 ad
3911 3736 3980 3780 re·

2540 3831 2882 3917 liquorum
2952 3831 3265 3895 scelerum
3325 3832 3665 3896 cumulum
3721 3811 3981 3892 accessill'e

2542 3933 2749 3993 etiam
2785 3927 3258 3992 incredibilem
3291 3928 3732 4014 impietatem,
3780 3936 3888 4004 qua
3911 3908 3984 3973 f3·

2541 4012 2720 4089 ctum
2753 4073 2770 4103 ,
2828 4016 2899 4087 ut
2939 4025 3150 4109 posset
3184 4018 3363 4088 sidcis
3408 4025 3624 4088 o'culis
3664 4020 3864 4086 videre
3896 4024 3981 4113 pff·

2540 4134 2711 4185 trem
2746 4123 2926 4205 apud
2966 4118 3196 4185 Persas
3232 4123 3619 4207 captivum,
3673 4128 3735 4180 et
3760 4109 3980 4208 indiguis

2543 4218 2765 4280 modis»
2817 4217 3166 4294 habitum,
3255 4232 3322 4282 et
3359 4214 3535 4282 hanc
3582 4232 3770 4279 unam
3811 4208 3979 4283 inlufl’

2543 4334 2657 4378 am
2697 4313 2784 4386 ab
2829 4313 3145 4391 homine,
3199 4317 3314 4401 qui
3343 4318 3417 4378 in
3478 4312 3760 4396 reliquas
3801 4308 3979 4366 otimes

2544 4410 2885 4493 exquisitis
2936 4414 3176 4497 poenis
3207 4411 3722 4484 animadvertit,
3772 4417 3883 4464 non
3910 4386 3978 4451 fu·

928 4524 3988 4578 .....-.-..-..---—-............-..--.......-.....---—-

1004 4625 1062 4693 a)
1102 4622 1243 4696 Cap.
1279 4637 1371 4685 aa,
1567 4618 1629 4690 b)
1668 4620 1725 4673 in
1763 4619 2032 4689 Ingenuo,
