4242 5459
1066 598 1966 688 TREBELLI'Ast,
2070 596 2516 687 CELSVS.

122 836 127 839 ⁴
218 814 301 878 L.
338 814 420 878 A.
472 812 732 903 Aquila.
788 814 930 883 AE.
965 777 1082 879 'IL
1149 815 1475 903 (Pellerin
1540 815 1747 880 Addi-

216 914 397 974 tions
427 932 493 995 p.
532 923 627 993 7.)

3215 620 3355 702 469

1830 812 2076 900 eapitis
2131 811 2630 896 inscriptionem
2682 807 2774 873 ad
2841 809 3348 897 autographum

1828 907 2266 974 Goltzianum
2287 907 2754 973 conformass'e.
2808 906 2981 971 Sane
3009 907 3148 973 Tib.
3174 909 3345 995 Cfit'c'

314 1007 660 1071 Diadema
695 1019 903 1094 caput
951 1008 1259 1074 ambiens
1311 1030 1418 1073 res
1476 1008 1566 1072 est
1610 1007 1744 1072 hac
1824 1007 2105 1070 nomina
2124 1018 2480 1072 auctorum
2499 1016 2803 1067 veterum
2825 1024 3024 1067 nemo
3046 1004 3349 1069 huicAe.

215 1104 444 1168 adhuc
489 1117 716 1168 aetate
766 1105 1097 1183 insolens,
1153 1119 1220 1169 et
1268 1104 1313 1167 li
1351 1100 1592 1170 numne
1631 1124 1744 1188 ge-
1825 1102 2110 1167 miliano
2151 1100 2490 1188 praefixit.
2571 1094 2909 1164 Pellerinii
2966 1102 3348 1170 auctoritas

212 1203 459 1264 nuinus
497 1198 622 1278 est,
679 1206 819 1281 ejus
854 1214 1033 1264 certe
1079 1204 1385 1287 pictura,
1437 1202 1661 1287 qualis
1698 1221 1742 1264 a

212 1296 581 1375 Pellerinio
635 1299 1080 1381 proponitur,
1147 1297 1390 1361 fallere
1442 1301 1738 1363 videtur.

216 1394 555 1457 Nimirum
598 1393 963 1478 suspectum
1006 1401 1083 1460 A.
1117 1400 1314 1481 1.pro
1334 1400 1418 1460 A.
1455 1399 1583 1472 K.,
1623 1394 1734 1456 de-

214 1490 375 1552 inde
429 1487 657 1552 forma
716 1490 1063 1553 literarum
1127 1492 1202 1554 E.
1274 1493 1322 1558 Ξ
1384 1513 1506 1576 pro
1542 1493 1610 1557 Ε.
1651 1498 1714 1560 21:

208 1583 524 1669 praesens
557 1605 803 1648 aevum
849 1606 982 1649 non
1012 1587 1294 1670 sapiunt.
1348 1588 1737 1671 Suspectum

208 1682 419 1742 etiam
438 1725 458 1755 ,
513 1683 1090 1765 quodxpigraplte
1109 1696 1256 1744 tota
1276 1702 1431 1744 cum
1462 1683 1583 1745 illa
1605 1701 1734 1744 con

210 1775 445 1860 spirat,
498 1796 701 1859 quam
738 1777 1196 1861 promulgavit
1224 1777 1565 1853 Goltzius,
1619 1777 1737 1860 qui

210 1883 661 1954 tyrannorum
699 1873 977 1934 nomina
1014 1885 1079 1934 et
1117 1875 1565 1958 praenomina
1608 1892 1735 1957 pro

208 1966 408 2031 libitu
442 1966 808 2045 confinxit,
863 1981 935 2030 ut
972 1971 1149 2030 adeo
1210 1969 1565 2032 verisimile
1620 1968 1735 2046 fit,

209 2061 560 2129 falsarium
588 2110 610 2144 ,
660 2063 707 2128 fi
741 2065 951 2127 modo
989 2083 1234 2127 numus
1285 2065 1545 2152 spurius
1599 2061 1687 2125 est
1710 2106 1735 2139 ,

1819 1196 1890 1259 in
1931 1219 2141 1262 numo
2172 1201 2288 1263 suo
2324 1195 2775 1283 adprobando
2811 1209 3176 1283 propterea
3216 1201 3340 1264 mi.

1820 1313 1943 1357 nus
1977 1295 2205 1373 valet,
2258 1296 2583 1380 quoniam
2613 1339 2633 1367 ,
2685 1315 2822 1377 quo
2874 1304 3181 1378 tempore
3221 1314 3337 1358 nu.

1817 1410 2005 1454 mum
2041 1390 2217 1455 hune
2241 1391 2546 1476 protulit,
2599 1391 2956 1453 oculorum
2994 1388 3178 1452 usum
3198 1393 3343 1469 jam

1823 1487 2058 1550 amitit.
2096 1489 2233 1554 Sed
2255 1487 2479 1552 delino
2515 1484 2765 1548 diutius
2798 1486 3140 1559 altercari3
3179 1507 3341 1551 nam

1819 1583 2027 1646 video
2050 1631 2068 1660 ,
2125 1585 2282 1647 huic
2318 1584 2657 1668 geminum
2688 1581 2777 1645 ab
2818 1584 3081 1645 erudito
3119 1583 3342 1648 Beau.

1822 1680 1973 1740 vais
2023 1700 2108 1742 ex
2175 1678 2406 1742 museo
2447 1678 2565 1741 suo
2610 1677 2917 1755 laudari,
2999 1678 3111 1742 nin
3160 1678 3342 1747 forte

1819 1793 1991 1836 unus
2031 1776 2349 1859 idemque
2389 1773 2520 1851 est,
2572 1792 2859 1861 eumque
2897 1774 3011 1838 hic
3065 1775 3343 1840 Pelleri·

1816 1873 1933 1932 nio
1981 1874 2235 1954 petenti
2271 1871 2548 1935 cess'erit.
2651 1872 2826 1933 Mihi
2875 1883 3056 1935 certe
3102 1891 3338 1936 omne·

1814 1964 1889 2029 hi
1932 1967 2298 2031 Aemiliani
2339 1969 2526 2032 numi
2573 1985 2819 2051 parum
2866 1965 3268 2053 probantur.

1323 2344 2246 2422 TREBELLIANVS.

306 2545 383 2609 In
416 2544 671 2611 Isauria
706 2545 824 2611 sub
859 2543 1174 2612 Gallieno
1199 2543 1318 2611 fua
1355 2546 1585 2634 sponte
1604 2544 1731 2607 im·

203 2653 595 2727 peratorem
634 2642 696 2704 se
732 2643 1150 2731 appellavit·
1215 2645 1326 2708 sed
1381 2644 1566 2705 miss'o
1616 2661 1728 2704 ex·

204 2740 419 2801 ercitu
464 2739 685 2803 victus
722 2740 791 2802 in
832 2741 1096 2824 praelio
1142 2740 1484 2804 occubuit.
1530 2738 1596 2819 ⁸)

306 2832 477 2897 Cum
513 2835 595 2897 de
616 2855 700 2898 eo
742 2833 1125 2899 Trebellius
1169 2823 1404 2900 diserte
1449 2836 1725 2899 dixerit:

199 2930 527 2996 Monetam
559 2934 745 2997 etiam
788 2930 929 2996 cudi
949 2932 1180 3019 juſsit,
1235 2932 1542 2996 defuiss'et
1571 2953 1723 3017 par-

201 3025 388 3090 tibus
426 3026 554 3091 suis
583 3025 937 3103 Goltzius,
989 3028 1102 3091 nili
1135 3042 1203 3092 et
1243 3033 1382 3108 ejus
1421 3029 1723 3111 aliquem

1812 2542 1948 2610 hoc
2010 2567 2172 2633 ergo
2225 2545 2415 2610 fonte
2464 2544 2797 2611 habemus
2864 2532 3057 2614 iMP.
3108 2546 3186 2616 C.
3249 2539 3329 2615 C»

1812 2643 2027 2710 ANN.
2079 2642 2833 2726 TREBELLIANVS„
2900 2644 3149 2707 nemini
3207 2647 3335 2709 ad..

1810 2744 1943 2808 huc
1988 2741 2184 2803 alteri
2225 2740 2457 2805 visum.
2513 2739 2751 2824 Neque
2810 2741 3088 2823 majoris
3142 2739 3331 2805 facio

1811 2841 2021 2903 alium
2063 2856 2212 2900 cum
2247 2836 2770 2900 consecrationis
2806 2848 3013 2915 nota,
3066 2838 3182 2921 qui
3213 2857 3329 2901 au-

1810 2950 2069 3000 ctorem
2103 2934 2311 2997 habet
2346 2930 2770 3010 Tristanum,
2830 2937 3074 3008 virum,
3127 2944 3200 2996 ut
3232 2934 3329 2996 in-

1808 3031 2071 3116 ligniter
2106 3032 2479 3106 eruditum,
2536 3026 2619 3092 fic
2666 3029 2756 3091 ad
2789 3031 3170 3115 parandam
3208 2956 3358 3151 nu]

202 3141 486 3186 numum
521 3123 992 3212 quaeliviss'et,
1042 3125 1537 3213 reperiffetque.
1613 3125 1721 3189 Ex
1806 3129 1932 3192 mis
1969 3126 2175 3191 fidem
2203 3147 2447 3213 parum
2489 3126 2840 3193 idoneum.
3315 3168 3336 3233 ι
3382 3202 3390 3209 ,

1543 3409 2021 3483 CELSVS.·

298 3605 423 3670 Vir
464 3602 709 3688 jul'tuS,

3215 3548 3264 3583 d

758 3623 843 3670 ac
875 3605 1171 3693 integer,
1224 3625 1377 3671 cum
1413 3607 1720 3693 privatus
1802 3608 2002 3674 nibus
2031 3606 2206 3688 fuit,
2260 3612 2399 3691 ejus
2440 3606 2670 3671 saltem
2715 3606 2944 3690 imago
2992 3625 3176 3671 novo
3228 3601 3326 3673 inss-

198 3702 273 3766 in
312 3702 543 3767 Africa
580 3721 780 3788 agros
820 3702 969 3766 suos
997 3706 1283 3783 coleret,
1337 3725 1381 3766 a
1411 3705 1719 3789 partibus
1796 3707 2016 3785 iuriae
2056 3726 2302 3793 genere
2340 3711 2408 3770 in
2443 3723 2710 3768 crucem
2743 3702 3128 3783 tolleretur,
3179 3717 3325 3770 tan·

197 3800 297 3861 ad
335 3799 835 3886 acceptandum
893 3813 1132 3863 contra
1182 3799 1563 3865 Gallienum
1602 3803 1724 3865 im·

192 3896 464 3981 perium
504 3896 841 3981 adigitur,
886 3895 1248 3961 deficiente
1268 3918 1432 3963 vero
1476 3918 1723 3984 purpu-
1804 3896 2005 3964 fixus.

189 4010 280 4053 ra
328 3991 569 4075 peplo·
583 3991 752 4054 deae
794 3989 1113 4056 Coelestis
1156 4008 1455 4059 ornatur.
1523 3996 1717 4058 Idem

1809 3821 2013 3886 quam
2048 3803 2359 3981 patibulo
2399 3803 2535 3890 ipse
2570 3798 2794 3865 Celsus
2825 3798 3168 3865 videretur
3200 3804 3330 3867 ·-ad
3384 3794 3395 3811 ’

1895 3995 2159 4065 Numos
2199 3993 2503 4061 Graecos
2558 4006 2625 4057 et
2675 3992 2957 4056 Latinos
3005 4013 3158 4058 cum
3202 4016 3318 4063 no·

190 4085 482 4171 septimo
538 4085 806 4170 imperii
881 4089 990 4152 die
1069 4092 1436 4169 occiditur,
1521 4104 1715 4155 tanto
1799 4090 2092 4156 minibus
2136 4095 2209 4160 T.
2242 4092 2512 4158 Cornelii
2555 4090 2696 4184 Ceffi
2726 4100 3002 4178 praeter
3059 4089 3318 4161 Goltzi

191 4184 271 4245 in
316 4201 469 4245 eum
506 4182 691 4269 vulgi
722 4181 997 4262 furore,
1056 4200 1171 4270 ut,
1225 4206 1375 4251 cum
1412 4189 1721 4273 corporis
1806 4207 1922 4250 um
1966 4207 2170 4255 nemo
2206 4191 2402 4258 vidit.
2463 4222 2484 4235 =

192 4280 342 4363 ejus
385 4278 554 4341 nihil
587 4278 986 4365 supereffet,
1041 4287 1203 4366 quia
1234 4286 1572 4368 objectum
1611 4304 1721 4350 ca

184 4612 3335 4647 Q

273 4683 331 4749 a)
358 4678 677 4737 Trebellius
712 4685 770 4738 in
803 4685 1077 4758 Tyranno
1112 4687 1301 4744 XXV.

1475 4691 1536 4761 b)
1575 4694 1885 4751 Trebellius
1920 4699 1979 4751 in
2013 4696 2286 4768 Tyranno
2321 4692 2601 4751 xxvm.
