4242 5459
1043 552 1143 631 L.
1235 546 1978 630 sEPanvs
2077 550 2715 635 SEVERVS·
3304 584 3444 658 aa,

302 756 488 824 tutes
551 752 893 832 munnae,
964 754 1135 820 vitia
1189 756 1497 823 enormia
1526 804 1547 835 ‚
1623 769 1832 842 atque

307 853 520 917 etiam
565 851 768 925 illae,
822 854 1144 934 quoniam
1183 857 1463 917 modum
1502 854 1828 932 excessit,

305 950 498 1012 vitiis
542 948 924 1033 proximae,
1017 950 1110 1012 Vt
1143 950 1405 1013 duriter
1436 950 1574 1035 ipse
1605 951 1825 1026 vixit,

301 1045 572 1130 patiens
603 1043 959 1121 laborum,
1021 1047 1207 1110 victu
1258 1047 1604 1124 modicus,
1686 1049 1829 1109 ani·

305 1158 442 1202 mo·
466 1139 822 1204 adversum
861 1160 1106 1218 omne,
1171 1144 1512 1227 quidquid.
1540 1144 1830 1206 arduum

301 1248 378 1299 et
418 1235 906 1321 periculosum,
955 1239 1298 1321 intrepido
1328 1250 1399 1302 et
1445 1236 1844 1319 constante„

271 1330 410 1405 ,ita
431 1332 524 1394 ad
549 1332 832 1395 eandem
865 1333 1326 1413 tolerantiam,
1373 1347 1442 1397 et
1470 1334 1829 1398 observan-

295 1428 484 1491 tiam
513 1427 902 1513 disciplinae
931 1431 1218 1494 militem
1251 1428 1664 1507 adsuefecit,
1715 1430 1830 1493 sed

297 1521 429 1606 fic,
475 1534 577 1601 ut,
599 1528 779 1586 veum
811 1538 1091 1611 propter
1125 1526 1496 1611 ingenitam
1525 1528 1825 1611 pertina-

291 1621 482 1685 ciam
519 1620 763 1706 eedere
798 1622 940 1706 ipse
986 1634 1112 1686 aut
1143 1622 1399 1700 nollet,
1447 1634 1571 1686 aut
1613 1623 1821 1687 nesci-

293 1729 446 1794 tet,
497 1716 699 1802 saepe
751 1718 934 1782 nulla
965 1718 1051 1781 de
1079 1718 1288 1781 caulh
1325 1737 1651 1803 magnam
1705 1740 1816 1783 ex·

295 1813 551 1876 ereitns
607 1826 875 1896 partem
930 1825 1050 1877 aut
1096 1813 1385 1890 morbo,
1453 1828 1584 1879 aut
1631 1815 1817 1879 ferro

295 1910 689 1986 amitteret,
735 1921 946 1994 atque
975 1911 1197 1986 idem,
1270 1911 1390 1994 qui
1425 1910 1819 1997 disciplinae

291 2005 618 2068 militaris
634 2004 822 2091 leges
852 2007 941 2070 ad
971 2006 1440 2069 crudelitatem
1469 2026 1689 2091 usqne
1709 2029 1822 2070 ex-

289 2103 480 2186 egit,
523 2112 761 2167 tamen
805 2102 1091 2165 militem
1119 2102 1472 2165 donativis
1505 2104 1823 2165 immodi—

289 2196 439 2276 cis,
475 2208 711 2280 .atque
755 2197 1168 2283 indulgendo
1236 2197 1557 2275 liberius,
1638 2217 1824 2282 quae

293 2291 633 2356 hactenns
667 2295 886 2357 vetita
933 2296 1006 2356 in
1060 2291 1293 2356 castris
1351 2292 1822 2371 habeba-ntur,

221 2440 226 2445 .
293 2389 648 2474 corrumpi
683 2400 1060 2476 pateretur.’
1101 2389 1181 2451 In
1221 2387 1407 2453 bello
1447 2408 1643 2469 acer,
1692 2410 1820 2453 ve-

295 2483 580 2547 hemens
612 2532 634 2562 ,
681 2498 772 2549 ac
815 2484 1185 2569 praesentis
1227 2485 1301 2546 in
1330 2485 1537 2549 rebus
1576 2486 1821 2551 adver·

287 2578 380 2644 fis
405 2578 704 2658 consilii,
755 2580 907 2667 plus
936 2590 1170 2644 tamen
1191 2584 1570 2667 perduces,
1609 2602 1821 2667 quam

285 2696 422 2762 per
457 2677 521 2741 I'e
555 2676 770 2761 iprum
803 2676 1036 2760 gessit,
1109 2695 1400 2763 quorum
1451 2680 1689 2760 virtuti
1736 2697 1822 2742 ac

285 2771 462 2837 fidei
493 2775 755 2838 victum
801 2772 1012 2837 ternis
1054 2773 1332 2857 praeliis
1373 2775 1658 2860 Nigrum
1707 2776 1820 2838 de·

289 2864 797 2954 buit,'ip1fe·in
839 2888 1069 2955 pugna
1114 2870 1440 2935 adversus
1499 2872 1819 2935 Albinum

289 2976 565 3029 tantum
602 2986 738 3031 non
776 2978 1035 3041 victus,
1083 2986 1172 3029 ac
1203 2986 1334 3050 pro
1375 2968 1818 3032 mortuo—ab-

287 3064 560 3144 jectuS,
608 3074 813 3149 atque
850 3063 939 3126 ab
983 3068 1306 3127 Auosum
1354 3063 1658 3128 Arabiae
1693 3065 1817 3129 ob-

297 3156 564 3219 sidione
625 3157 732 3222 bis
767 3159 1092 3242 repulsus,
1213 3160 1479 3223 Beuum
1543 3163 1820 3245 gravius

291 3252 562 3316 nullum
598 3253 961 3317 neceil‘ario
1005 3254 1304 3340 suscepit.
1374 3252 1628 3319 Civilia
1673 3258 1820 3321 Tua·

265 3348 375 3412 Jit
418 3350 704 3413 ambitio
734 3399 755 3432 ,
806 3364 874 3414 et
917 3363 991 3414 ut
1022 3351 1194 3414 solus
1249 3352 1533 3414 remotis
1585 3372 1819 3416 aemu-

283 3444 382 3509 lis
411 3448 825 3530 imperaret,
849 3447 1261 3511 Parthicum
1299 3449 1639 3533 cupiditas
1677 3449 1818 3533 glo·

288 3540 483 3619 riae,
535 3555 611 3606 ut
645 3541 919 3607 testatur
965 3543 1411 3627 Spartianus,
1483 3545 1818 3609 Britanni-

289 3657 494 3715 cum,
543 3639 732 3725 quod
779 3638 955 3705 filios
988 3639 1306 3704 licentiae
1348 3638 1648 3705 urbanae
1692 3641 1818 3703 im-

285 3736 558 3823 pensius
595 3737 905 3814 deditos,
960 3748 1028 3800 et
1069 3737 1367 3821 legiones
1404 3741 1546 3802 otio
1589 3735 1822 3800 difflu-

283 3848 489 3897 entes
529 3834 624 3896 ad
667 3832 973 3896 laborem
1022 3834 1306 3898 volebat
1345 3854 1695 3899 revocare.
1731 3835 1822 3898 Et

285 3946 470 3993 vero
508 3927 895 3993 inconsultis
949 3930 1054 3994 his
1089 3930 1423 3996 bellorum
1468 3932 1647 3997 curis
1685 3951 1824 3995 non

285 4045 715 4112 magnopere
760 4028 1052 4111 imperio
1089 4029 1456 4107 consuluit,
1511 4027 1819 4104 ParthiS,

277 4122 586 4207 aliisque
625 4135 815 4189 trans
849 4124 1273 4209 Euphratem
1315 4128 1629 4212 gentibus
1685 4144 1822 4188 non

275 4231 433 4283 tam
488 4219 823 4297 derictis,
911 4240 1159 4304 qnam,
1243 4224 1430 4305 quod
1493 4224 1816 4306 deinceps

279 4316 564 4404 patuit,
617 4318 833 4401 magis
882 4318 1238 4383 adversum
1278 4318 1664 4384 Romanum
1699 4338 1816 4382 no·

279 4432 449 4475 men
485 4413 794 4479 irritatis.
845 4414 1078 4497 Neque
1128 4427 1274 4477 tam
1336 4416 1422 4479 ab
1467 4419 1702 4480 armis-
1741 4435 1817 4479 a·

274 4510 546 4598 pertis,
603 4529 808 4594 quam
864 4511 1152 4575 occultis
1205 4510 1458 4576 infidiis
1521 4525 1815 4577 metuen-

285 4607 466 4685 dus,
524 4625 678 4670 cum
718 4627 755 4670 e
799 4627 876 4670 re
916 4609 1174 4693 visum,
1248 4607 1465 4688 dolie,
1541 4610 1815 4675 menda-

1903 760 2030 824 ciis
2053 807 2074 836 ,
2124 759 2435 845 perjuriis
2478 759 2760 846 perinde
2790 753 2883 823 est
2918 758 3089 825 usus.
3138 758 3319 825 Sane
3348 785 3425 829 a·
3455 802 3461 807 -

1905 857 2206 936 micitia,
2260 875 2468 942 quam
2510 855 2763 923 Albino
2805 856 3095 940 primum
3124 859 3425 939 juratam

1907 952 2237 1037 profess'ns
2274 951 2401 1029 est,
2450 966 2523 1021 et
2554 951 2874 1039 promifra
2912 952 3228 1018 liberalia
3257 974 3435 1019 non»

1908 1048 2021 1111 nili
2065 1048 2376 1114 simulata
2417 1048 2607 1115 fuere
2637 1096 2656 1128 ,
2701 1047 2889 1133 quod
2930 1046 3277 1112 hominem
3305 1072 3422 1115 va-

1904 1142 2050 1207 lido
2090 1146 2391 1208 exercitu
2441 1144 2824 1209 instructum
2876 1145 3245 1226 metuebat,
3303 1168 3423 1231 po-

1903 1236 2042 1303 flea
2085 1241 2182 1304 nil
2224 1241 2362 1305 tale
2397 1254 2769 1323 merentem
2798 1285 2818 1316 ,
2872 1237 3164 1318 insidiis,
3217 1253 3422 1324 atque

1905 1335 2022 1398 ubi
2062 1338 2236 1401 haec
2304 1338 2484 1401 male
2544 1335 2825 1412 eess‘ere,
2893 1347 3134 1421 aperto
3195 1338 3424 1402 Marte

1902 1431 2269 1518 impetivit.
2361 1430 2779 1496 Crudelitate
2846 1430 2957 1495 etfi
3017 1430 3292 1496 Nerone
3348 1446 3423 1499 et

1902 1524 2292 1593 Commodo
2338 1526 2669 1602 inferior,
2712 1546 2994 1613 gravem
3034 1539 3264 1599 tamen
3320 1530 3420 1595 la·

1896 1620 2058 1687 bem
2108 1626 2461 1690 contraxit
2518 1622 2724 1689 caelis
2776 1623 3034 1691 ordinis
3104 1622 3423 1690 senatorii

1896 1721 2061 1783 viris
2103 1722 2573 1807 gravissimis,⁸
2613 1737 2784 1805 quos
2825 1720 2895 1783 in
2929 1720 3158 1804 Nigri,
3206 1734 3274 1785 et
3302 1723 3417 1785 Al·

1894 1814 2036 1880 bini
2075 1818 2390 1903 partibus
2446 1818 2657 1894 vidit,
2742 1827 2867 1881 aut
2928 1815 3060 1878 ess'e
3112 1818 3419 1901 putavit,

1891 1926 2016 1975 aut
2057 1934 2230 1999 quos
2280 1911 2691 1977 clandestina
2748 1910 3104 1977 advertam
3150 1911 3214 1976 se
3280 1913 3424 2000 agi-

1897 2018 2048 2071 tare
2081 2010 2361 2073 oenfilia
2386 2009 2755 2094 ⁴l'ul'picatus
2790 2004 2900 2072 est.
2976 2011 3066 2069 At
3102 2010 3425 2093 gravissi..

1901 2125 2087 2167 mum
2132 2107 2423 2190 imperio
2467 2103 2707 2167 vulnus
2742 2122 2866 2187 ,per
2902 2101 3112 2165 filium
3165 2103 3427 2169 succes·

1897 2201 2116 2262 sorem
2149 2199 2430 2277 inflixit,
2482 2219 2683 2282 quem
2731 2216 2868 2260 non
2900 2197 3108 2262 modo
3144 2212 3427 2284 propter

1897 2314 2170 2358 morum
2208 2295 2718 2379 improbitatem
2742 2340 2763 2372 ,
2814 2312 3025 2377 quam
3066 2295 3236 2378 reip.
3269 2314 3423 2357 ma·

1893 2410 2031 2474 gno
2071 2389 2389 2455 staturam
2418 2395 2558 2471 jam
2596 2390 2734 2474 ipse
2777 2387 3165 2474 praeyidit,
3214 2388 3420 2452 tolle..

1896 2503 1972 2547 re
2021 2488 2210 2551 nulla
2243 2489 2506 2553 invidia
2542 2506 2590 2548 e
2646 2486 2876 2550 medio
2922 2495 3240 2569 poterat,
3309 2484 3423 2548 sed

1894 2585 2107 2645 etiam
2145 2584 2330 2668 quod
2365 2580 2568 2646 semel
2613 2593 2817 2666 atque
2868 2580 3111 2642 iterum
3149 2578 3418 2645 infidias

1895 2678 1967 2742 in
2003 2670 2741 2765 patrem'‘composuiss'e
2791 2672 3027 2763 palam
3080 2673 3175 2743 est
3231 2695 3421 2739 com-

1893 2785 2179 2860 pertus..
2212 2779 2422 2839 Vetus
2442 2775 2628 2839 suum
2663 2786 2969 2839 extremo
2996 2772 3207 2836 etiam
3237 2772 3425 2837 vitae

1893 2884 2211 2959 tempore
2248 2873 2544 2937 retinens
2569 2918 2590 2949 ‚
2658 2891 2749 2934 ac
2789 2888 2943 2935 cum
2982 2867 3422 2954 gravissimos

1885 2971 2281 3033 articularis
2316 2968 2544 3034 morbi
2588 2966 2865 3032 dolores
2902 2964 3423 3051 persentiscere&

1891 3086 2050 3129 eum
2097 3066 2494 3131 seditionem
2526 3076 2885 3133 moverent
2914 3061 3210 3140 milites,
3263 3074 3424 3125 ante

1895 3161 2198 3226 tribunal
2246 3162 2620 3245 productos
2680 3161 2834 3224 duci
2885 3158 3108 3240 jussit,
3190 3158 3425 3221 severe

1895 3260 2301 3341 increpans:
2354 3258 2603 3322 tandem
2612 3257 2887 3341 sentitis,
2933 3264 3123 3338 caput
3153 3257 3424 3336 ‘'mpera-

1887 3375 2003 3432 γε,
2051 3372 2182 3429 non
2204 3352 2412 3436 pedes.
2464 3354 2628 3434 Ejus
2661 3354 2920 3416 cineres
2969 3370 3014 3412 a
3063 3347 3221 3410 filiis
3284 3348 3422 3410 Ro·

1896 3468 2082 3513 marn
2116 3448 2330 3511 delati
2353 3449 2423 3511 in
2458 3450 2559 3515 M.
2591 3445 2912 3509 Antonini
2936 3443 3238 3525 sepulcro
3263 3460 3420 3504 con·

1897 3548 2023 3609 diti
2059 3545 2228 3607 sunt.
2278 3539 2735 3609 Memorabile
2775 3540 3041 3602 senatus
3082 3540 3165 3599 de
3196 3555 3282 3597 eo
3323 3539 3427 3615 ju-

1893 3642 2195 3717 dicium,
2245 3650 2369 3702 aut
2418 3637 2595 3704 nasci
2649 3636 2841 3700 illum
2898 3651 3035 3695 non
3082 3630 3428 3708 debuiss'e,

1892 3750 2020 3803 aut
2057 3755 2196 3800 non
2233 3735 2447 3811 mori,
2499 3733 2686 3815 quod
2752 3727 3161 3816 postremum
3225 3739 3431 3810 opta-

1897 3845 2099 3897 verat
2124 3822 2309 3895 haud
2348 3830 2594 3907 dubie',
2646 3828 2969 3913 quoniam
3010 3823 3246 3887 Severi
3283 3843 3431 3887 cru·

1897 3926 2217 4011 delitas,‘
2260 3940 2327 3989 et
2387 3928 2721 4011 ingenium
2787 3918 3207 3986 inexorabile
3268 3938 3429 3984 cum
3495 3921 3498 3924 ’

1901 4025 2303 4089 Caracallae
2348 4022 2512 4086 feris
2550 4019 2856 4086 moribus
2904 4029 3425 4100 comparatum,

1896 4135 1974 4187 ut
2025 4133 2310 4187 eventus
2364 4118 2644 4196 docuit,
2716 4118 2870 4180 leve
2928 4132 3015 4177 ac
3068 4109 3430 4175 ferendum

1893 4221 2120 4284 *videri
2163 4219 2407 4305 potuit.
2460 4216 2624 4297 Ejus
2649 4214 2866 4278 vitam
2895 4207 3203 4294 scripsere
3226 4207 3429 4291 Spar-

1899 4318 2166 4392 tianus,
2220 4315 2397 4390 Dio,
2452 4312 2882 4375 Herodianus
2942 4317 3215 4391 praeter
3273 4301 3428 4367 bio·

1903 4413 2201 4499 graphos
2246 4412 2545 4474 minores
2578 4406 2780 4488 alios,

1992 4608 2183 4689 Vaor
2245 4603 2299 4669 1.
2347 4602 2627 4680 Martia,
2708 4615 2789 4661 eo
2845 4595 3070 4662 adhuc
3108 4589 3469 4681 ⁴private-
