4242 5459
785 569 792 574 ’
823 561 961 644 ἐόε

799 760 942 826 dio.
967 754 1032 839 ⁸)
1081 757 1173 822 At
1208 751 1251 820 fi
1289 773 1522 819 verum
1557 753 1668 833 effi
1720 754 1906 840 quod
1945 749 2152 816 refert
2173 752 2315 815 He..

797 858 1165 934 rodimus,
1216 849 1406 916 fuiss‘e
1437 871 1588 914 eum
1628 864 1858 914 natum
1920 869 2136 914 annos
2194 850 2315 911 de-

797 974 991 1031 cem,
1044 970 1181 1036 quo
1234 962 1544 1034 tempore
1609 945 2025 1031 Elagabalus
2081 944 2309 1007 adcla-

793 1061 1020 1113 matus
1059 1045 1148 1109 est
1169 1048 1577 1129 imperator,
1629 1056 1696 1106 et
1732 1042 2118 1117 duodecim,
2149 1060 2309 1104 cum

792 1147 1162 1229 adoptatus
1231 1139 1362 1220 est,
1434 1153 1665 1204 natum
1736 1140 2042 1224 oportuit
2096 1140 2175 1200 V.
2228 1135 2307 1202 C.

796 1242 983 1325 961,
1064 1240 1137 1302 Ρ.
1210 1238 1291 1302 X.
1352 1250 1533 1314 208,
1623 1235 1733 1298 sed
1808 1233 1940 1318 quii
1990 1231 2307 1318 peccavit

785 1333 859 1401 in
889 1336 1082 1400 annis
1108 1332 1501 1419 Elagabali5
1554 1332 1778 1417 potuit
1815 1343 1881 1394 et
1920 1347 2208 1414 peccare
2237 1327 2307 1389 in

786 1427 994 1497 annis'
1029 1430 1424 1495 Alexandri.
1507 1429 1822 1493 Natalem
1872 1424 2304 1511 Lampridius

785 1530 1016 1596 statuit
1060 1548 1211 1591 eum
1274 1526 1489 1612 ipsum
1544 1527 1770 1601 diem,
1824 1541 1959 1608 quo
1995 1532 2299 1586 mortuus

786 1625 876 1691 est
914 1625 1303 1689 Alexander
1332 1623 1431 1686 Μ.
1456 1612 1512 1699 1’)
1565 1621 1674 1684 sed
1705 1640 1859 1683 cum
1882 1619 1967 1682 de
2003 1617 2297 1703 hocipso

783 1725 943 1789 satis
986 1722 1153 1785 certi
1193 1739 1324 1783 non
1370 1718 1609 1795 fimuS,
1674 1718 1883 1780 etiam
1936 1714 2110 1777 alter
2157 1732 2295 1775 am-

780 1820 1022 1904 biguus
1074 1813 1182 1880 est.
1265 1815 1636 1877 Bucherius
1691 1808 2036 1874 Kalendas
2088 1808 2295 1872 Octo·

781 1916 936 1982 bres
973 1935 1057 1979 ex
1102 1919 1332 1978 vetere
1377 1909 1794 1973 Kalendario
1817 1906 2008 1976 eruit,
2041 1903 2103 1981 ⁰)
2156 1902 2292 1965 Na·

755 2026 851 2077 ·to
894 2029 1140 2075 nomen
1178 2005 1309 2070 fuit
1346 2007 1704 2070 secundum
1727 2003 2015 2065 Dionem
2050 2001 2297 2090 Baffia-

772 2113 876 2186 ni,
909 2099 975 2187 ⁸³)
1026 2104 1385 2170 secundum
1452 2101 1921 2164 Herodianum
1968 2096 2295 2177 Alexione,

775 2208 860 2269 de
902 2206 1085 2284 cujus
1142 2201 1400 2285 origine
1462 2199 1621 2262 vide
1683 2196 1877 2281 plura
1940 2190 2291 2256 infra·rub

768 2300 1140 2367 nominibus.
1187 2295 1566 2381 Elagabalo
1601 2291 2002 2355 consobrino
2040 2292 2129 2354 ad
2156 2292 2289 2352 im-

768 2388 1035 2485 perium
1100 2406 1420 2481 promoto
1470 2390 1698 2455 aulam
1754 2389 2010 2450 secutus
2058 2386 2284 2472 priva·
2394 2391 2399 2396 ’

769 2509 876 2560 tus
899 2498 966 2558 in
1003 2495 1133 2556 hac
1167 2491 1379 2576 ipsum
1412 2487 1767 2553 triennium
1808 2483 2065 2561 mansit,
2120 2483 2280 2544 dum

1455 622 1461 628 .
1578 545 2442 631 ALEXANDER
2538 545 3156 638 SEVERVS.

2765 751 2849 818 V.
2897 752 2964 819 G.
2995 768 3161 838 974.
3215 755 3293 823 P.
3324 755 3413 823 X.
3455 779 3598 827 221.

2407 846 2787 956 CAESAR.
2853 851 3163 919 PRINC.
3230 854 3272 916 I
3278 853 3347 920 V
3350 854 3434 922 V.
3478 854 3657 923 COS.
3713 856 3915 927 DES.

2449 1040 2651 1105 Grato
2681 948 3417 1123 SabinianoIZOALr‘Ziadio
3458 1044 3710 1115 Seleuco
3749 1052 3865 1140 cos.

2493 1231 2877 1316 Adoptatus
2946 1232 3039 1297 ab
3081 1235 3461 1320 Elagabalo
3517 1236 3781 1327 Caesar,
3849 1254 3919 1306 et

2394 1348 2521 1416 pro
2583 1327 2909 1395 Bassiano
2957 1330 3325 1399 Alexander
3376 1334 3638 1399 dicitur.
3692 1339 3906 1422 (Vide

2390 1424 2569 1488 infra
2609 1424 2677 1486 in
2718 1426 3088 1509 nominib.)
3128 1427 3370 1493 Consul
3419 1430 3486 1492 in
3527 1428 3916 1516 sequentem

2390 1539 2639 1585 annum
2695 1540 2846 1584 cum
2894 1535 3088 1607 patre
3121 1527 3458 1612 adoptivo
3501 1526 3906 1612 designatur.

2388 1615 2807 1701 Adoptionis
2829 1618 3279 1702 Elagabalum
3307 1621 3487 1685 haud
3512 1624 3725 1687 multo
3755 1624 3911 1711 post

2386 1713 2726 1797 poenitet,
2797 1715 3122 1799 qu‘oniam
3187 1720 3278 1781 ad
3328 1718 3521 1798 hujus
3559 1718 3620 1781 se
3672 1740 3904 1786 mores

2383 1807 2817 1871 conformare
2867 1812 3319 1877 detrectabat.
3372 1812 3601 1896 Quare
3649 1815 3905 1883 inlidiis

2381 1899 2739 1967 Caesarem
2779 1906 2990 1991 petit,
3043 1909 3155 1971 sed
3192 1929 3390 1993 quem
3431 1911 3591 1974 avia
3641 1931 3725 1975 ac
3757 1933 3902 1978 ma-

2381 2011 2485 2064 ter
2519 2012 2592 2064 ut
2625 2001 2944 2065 adversus
2974 1999 3236 2067 morum
3273 2007 3756 2090 corruptelam,
3793 2010 3900 2075 ita.

2381 2108 2447 2159 et
2492 2108 2731 2160 contra
2769 2100 2909 2161 vim
2956 2100 3228 2171 confilio
3273 2121 3357 2165 ac
3392 2102 3753 2187 prudentia
3780 2106 3893 2169 de·

2377 2190 2685 2260 fendunt.

2665 2291 2763 2354 M.
2790 2292 2994 2354 AvR.
3027 2291 3614 2362 ALEXANDER.
3650 2294 3896 2364 CAES.

2665 2387 2866 2469 Caput
2896 2388 3143 2453 nudum.

2373 2481 3029 2548 INDVLGENTIA.
3056 2483 3265 2548 AvG.
3323 2483 3559 2549 Mulier
3582 2489 3896 2571 gradiens

633 3717 644 3726 .
744 3743 926 3808 filius
958 3783 978 3816 ‚
1030 3735 1264 3798 Severi
1306 3751 1519 3812 nepos
1573 3729 2027 3814 praedicatur.
2081 3725 2266 3808 Quin

769 2592 1058 2656 consiliis
1094 2586 1392 2663 Maesae,
1447 2602 1621 2667 quae
1659 2581 1871 2643 multo
1895 2591 2054 2641 ante
2085 2598 2279 2662 prae·
2369 2579 2433 2640 d.
2469 2577 2734 2658 florem,
2770 2578 2829 2663 fi
2882 2581 3087 2664 vestem
3121 2582 3392 2667 sustinet.
3427 2582 3572 2645 AV.
3606 2584 3889 2668 (vaist)

765 2689 1102 2763 viderat,-
1142 2681 1453 2768 praesens
1512 2674 1864 2760 Elagabali
1920 2673 2278 2755 imperium
2366 2673 2514 2735 AR.
2569 2670 2776 2753 (Mus.
2809 2670 3023 2752 Caes.)
3080 2677 3152 2738 In
3187 2679 3372 2741 alio:
3425 2677 3643 2744 addito
3691 2680 3763 2748 S.
3804 2680 3888 2747 C.

762 2796 1047 2870 propter
1073 2777 1475 2861 quotidiana
1510 2771 1804 2834 insaniae
1840 2764 2130 2829 monstra
2160 2766 2278 2827 du·
2368 2766 2590 2853 Caefirr
2617 2766 2956 2849 paludatus
2971 2774 3156 2857 stans
3193 2773 3256 2837 d.
3302 2771 3577 2839 bacillum
3600 2821 3622 2853 ‚
3652 2775 3715 2861 fi
3774 2775 3891 2844 ha·

760 2898 915 2941 rare
952 2894 1087 2936 non
1124 2871 1347 2956 poss'e,
1400 2868 1488 2930 ab
1532 2866 1664 2927 hoc
1686 2864 2133 2947 adoptaretur
2157 2881 2276 2923 an·
2343 2864 2549 2951 stam,
2595 2875 2754 2948 pone
2785 2865 2908 2929 duo
2943 2869 3183 2935 vexilla.
3232 2869 3378 2934 AE.
3426 2870 3512 2933 II.
3582 2868 3890 2958 (Seguin.

761 2992 853 3036 no
903 2973 986 3034 V.
1035 2966 1113 3030 C.
1176 2977 1317 3044 974
1357 2962 1587 3024 saltem
1635 2971 1789 3022 ante
1836 2969 2275 3040 autumnum,
2360 2979 2519 3045 pag.
2572 2956 2763 3040 170.)

758 3080 833 3132 ut
870 3049 1086 3127 docet?
1109 3077 1347 3123 numus
1370 3055 1739 3121 Caesareae
1771 3053 2015 3115 Libani
2061 3053 2275 3116 Phoe·
2454 3054 2692 3116 Novus
2739 3056 2827 3119 ad
2863 3071 3117 3122 certum
3168 3042 3328 3144 Spei
3379 3073 3618 3149 typum
3657 3063 3886 3129 inscri-

758 3184 911 3239 ceS,
963 3178 1164 3245 quem
1208 3154 1302 3219 ibi
1343 3153 1672 3217 dedimuS.
1727 3148 2041 3213 Ceterum
2082 3148 2271 3212 fuiss'e
2358 3149 2613 3234 ptionis
2650 3152 2916 3217 modus.
2975 3155 3239 3218 Iudicat
3295 3139 3506 3233 haec,
3580 3158 3885 3225 Alexan·

757 3273 826 3323 et
858 3258 1035 3321 hunc
1078 3250 1480 3326 Caracallae
1514 3246 1725 3342 filium
1764 3245 2119 3322 creditum,
2173 3246 2269 3308 di·
2358 3246 2551 3309 drum
2607 3266 2729 3331 per
2763 3268 2967 3312 unam
3010 3250 3361 3336 Elagabali
3410 3238 3879 3341 Indulgentiae„

748 3358 922 3422 ferte
971 3347 1240 3431 Dio,‘)
1294 3361 1360 3412 et
1426 3344 1892 3418 Herodianus,
1954 3343 2267 3405 diditarn-
2356 3343 2444 3404 ad
2498 3340 2898 3408 Caesaream
2941 3348 3340 3430 dignitatem
3393 3363 3747 3429 evectum,
3801 3364 3878 3417 at

752 3474 885 3541 que
922 3449 1110 3516 fuiss'e
1137 3445 1385 3533 passim
1401 3443 1575 3506 hanc
1601 3439 1900 3518 famam,
1956 3458 2265 3523 compro·
2350 3449 2557 3523 typus
2590 3437 2778 3521 Spem
2811 3444 3096 3527 imperio
3127 3464 3212 3506 ex
3239 3464 3320 3508 ea
3354 3447 3726 3530 adoptione
3756 3448 3880 3510 ad-

745 3551 917 3619 bant
954 3566 1089 3612 non
1126 3561 1351 3629 pauca
1386 3559 1506 3625 per
1547 3535 1909 3599 Gruterum
1968 3555 2266 3598 marmo-
2352 3532 2745 3618 fulgentem.
2845 3538 3134 3602 Alterius
3188 3542 3377 3604 numi
3429 3553 3637 3629 typus
3693 3544 3877 3630 prin.

745 3669 863 3724 ra,
913 3647 981 3707 in
1002 3639 1241 3727 quibus
1267 3634 1661 3699 Alexander
1687 3632 2003 3694 Antonini
2033 3631 2268 3715 Magni
2352 3630 2574 3716 cipem
2615 3633 2978 3708 juventutis
3018 3635 3335 3721 defignat.

2560 3729 2567 3736 ’
3090 3731 3118 3763 Β

2622 3792 2631 3800 ·
2907 3784 2936 3817 ἡ
3263 3781 3297 3815 ἡ

2576 3821 2589 3832 ’
2644 3826 2879 3892 Eadem
2910 3825 3187 3914 adversa.

2350 3919 2699 3990 PIETAS.
2738 3922 2945 3988 AvG.
3021 3926 3439 4013 Instrumenta
3465 3927 3873 4017 pontificalia.

2351 4018 2496 4080 AR.
2529 4019 2734 4098 (Mus.
2766 4018 2987 4103 Caes.)

747 3852 816 3902 et
849 3833 985 3921 ipse
1021 3832 1081 3892 l'e
1113 3826 1511 3894 Caracallae
1561 3823 1770 3886 filium
1801 3823 1992 3900 tulit,
2044 3835 2118 3886 ut
2146 3842 2262 3906 pa-

742 3946 845 3999 tet
896 3949 980 3992 ex
1057 3926 1199 4005 ejus
1268 3918 1772 3985 constitutione:
1826 3907 1872 3996 ¹f)
1923 3928 1983 3983 et
2019 3939 2179 4005 quae
2222 3939 2266 3985 a

743 4029 889 4096 divo
936 4022 1257 4090 Antonino
1315 4026 1504 4104 patre
1546 4036 1675 4081 meo
1701 4062 1721 4093 ,
1787 4024 1846 4078 et
1880 4035 2033 4099 quae
2077 4037 2119 4080 a
2172 4036 2265 4080 me

743 4119 1242 4214 rej‘criptasunt.
1295 4114 1463 4177 Item
1521 4132 1607 4176 ex
1650 4112 1798 4196 lege
1825 4110 2029 4188 „alia,
2080 4107 2144 4190 ἔ)
2198 4122 2265 4173 et

748 4223 930 4288 dixit
953 4215 1256 4306 ‘Zosimus
1291 4228 1601 4293 quoque,
1653 4205 1842 4269 fuiss'e
1879 4226 2034 4270 eum
2065 4207 2134 4271 ἐκ
2157 4227 2263 4288 της
2346 4208 2745 4293 dignitatem
2805 4209 3112 4277 Caesaris
3164 4212 3602 4299 pontificatus
3655 4218 3873 4282 etiam

744 4321 977 4401 Σεξηρε
1024 4329 1231 4393 γενεας
1264 4321 1697 4386 καταγομενον.
1726 4293 1785 4380 ¹²)
2343 4303 2564 4368 honos
2613 4308 2780 4371 addi
2812 4309 3179 4376 consuevit.

2051 4531 2074 4546 ’
2102 4546 2153 4607 c)
2198 4541 2459 4598 Doctrina
2495 4555 2663 4618 temp.

1949 4626 1992 4662 ι.
2029 4610 2060 4679 5
2099 4621 2151 4672 ὃ.
2838 4540 3003 4612 dn..
3044 4550 3374 4604 Lxxvtn.
3410 4554 3440 4621 ς
3475 4570 3561 4619 30,

2297 4613 2350 4681 g)
2387 4614 2520 4667 Cod.
2556 4615 2622 4666 L.
2660 4615 2795 4668 ΧΠ.
2834 4620 2915 4678 tit,
2947 4622 3038 4685 3⁶·
3076 4620 3108 4688 5
3143 4638 3199 4684 4.

3706 4556 3758 4614 e)
3798 4554 3868 4608 Ι..

820 4555 881 4619 ι)
918 4551 1058 4623 Cap.
1097 4549 1186 4602 60.

3339 4621 3401 4688 h)
3439 4622 3500 4674 1..
3536 4622 3612 4674 11.
3647 4638 3695 4679 ο.
3741 4640 3830 4684 ιι.

685 4601 714 4624 s
1377 4545 1440 4612 b)
1481 4545 1617 4614 Cap.
1652 4560 1686 4611 5
1724 4551 1776 4592 et
1819 4558 1902 4608 ¹3-

736 4621 1021 4686 ,LXXIX-
1057 4619 1088 4688 §
1129 4636 1208 4687 ⁸9.

1347 4615 1393 4683 f)
1415 4613 1568 4666 eod.
1608 4612 1674 4664 1..
1710 4612 1790 4671 11.
1826 4613 1905 4670 tit.

2446 4112 2698 4178 Solitus
2745 4115 3104 4180 Caesarum
3142 4129 3394 4204 typus,
3474 4117 3719 4201 quibus
3778 4122 3879 4186 ad
4004 4167 4014 4175 -
