4242 5459
1505 527 2353 611 CARACALLA.

341 761 442 809 eor
466 752 765 817 eertum,
822 736 1146 824 quoniam
1179 740 1317 823 ejus
1349 736 1609 824 generis
1647 737 1716 801 in
1751 736 1862 802 Se·

341 842 486 911 veri
511 884 531 911 ‚
583 848 654 898 et
700 854 877 920 quae
917 837 1050 901 hoc
1090 837 1313 899 adhuc
1348 837 1725 920 imperante
1762 855 1862 897 re·

337 935 629 1020 pudiata
686 931 860 1009 fuit,
929 932 1294 995 Plautinae
1365 944 1641 995 moneta
1697 949 1860 994 non

327 1030 701 1095 habentur.
754 1028 980 1093 Etiam
1017 1028 1401 1109 hujusmodi
1444 1026 1670 1093 Getae
1702 1027 1862 1089 defi-

329 1127 547 1191 ciunt.
591 1124 852 1201 Primi,
906 1123 1019 1205 qui
1047 1137 1278 1188 notam
1301 1124 1860 1209 chronologicam

333 1220 673 1296 offerunt,
719 1219 1049 1285 exhibent
1083 1218 1487 1284 Caracallae
1517 1220 1862 1283 tribunici-

331 1340 458 1385 am
509 1313 905 1401 potestatem
969 1317 1215 1380 xvm.
1265 1362 1286 1393 ‚
1360 1317 1492 1381 hac
1558 1319 1859 1403 priorem

333 1434 525 1500 gaza
555 1411 890 1476 Caesarea
929 1432 1061 1474 non
1106 1412 1336 1476 habet.
1435 1414 1602 1478 Sunt
1651 1413 1858 1475 etiam

335 1511 698 1587 Bortinae,
749 1528 993 1592 nempe
1027 1529 1150 1593 per
1199 1509 1322 1571 filii
1365 1512 1725 1594 imperium
1787 1508 1859 1571 15-

329 1607 556 1694 gnati.
611 1606 716 1675 Ad
753 1606 934 1689 quod
969 1625 1104 1671 non
1144 1606 1442 1670 advertit
1465 1607 1853 1685 BimarduS,

329 1706 464 1786 qui
497 1701 689 1765 cusos
723 1703 793 1763 id
841 1721 1049 1784 genus
1108 1721 1348 1765 numos
1391 1704 1530 1784 jam
1586 1701 1702 1767 sub
1746 1703 1859 1765 Se-

331 1820 509 1863 vero
535 1798 746 1872 dixit,
768 1796 834 1877 ⁸)
871 1800 1192 1882 deceptus
1212 1798 1398 1862 haud
1436 1799 1665 1875 dubie,
1699 1800 1862 1881 quia

331 1896 537 1979 hujus
587 1893 947 1956 commatis
987 1913 1225 1956 numos
1262 1915 1410 1957 cum
1454 1897 1680 1979 capite
1723 1895 1860 1959 Do-

331 2012 544 2057 mnae
579 1991 891 2061 videram
944 2002 1016 2052 at
1051 1993 1118 2053 in
1175 1991 1280 2053 his
1331 1993 1668 2073 capienda
1725 2011 1860 2057 non

325 2085 432 2153 est
462 2088 739 2153 Dumna
769 2085 1002 2149 Severi
1039 2105 1262 2163 uxor,
1313 2085 1419 2148 sed
1459 2086 1861 2149 Caracallae

327 2196 581 2251 mater,
634 2180 873 2266 Neque
939 2202 1061 2265 per
1100 2180 1503 2245 caracallae
1571 2194 1858 2245 mortem

329 2280 590 2343 modus
621 2277 740 2341 hio
758 2277 1095 2365 abolitu33
1153 2297 1308 2341 nam
1343 2278 1615 2339 duravit
1647 2279 1713 2341 in
1737 2279 1860 2339 im-

329 2376 537 2460 peria
559 2375 876 2454 Macrini,
926 2387 993 2435 et
1026 2374 1382 2458 Elagabali
1403 2373 1860 2436 successorum.

330 2472 636 2536 Macrini
700 2467 959 2533 exstant
1016 2490 1150 2555 non
1222 2470 1424 2552 pauci
1453 2517 1473 2545 ‚
1563 2471 1860 2532 rariores

325 2567 914 2642 Diadumeniani,
985 2565 1344 2649 Elagabali
1431 2564 1859 2649 co'mplures3

331 2684 431 2727 ex
480 2665 619 2743 ejus
649 2662 895 2725 aetatis
937 2661 1212 2724 feminis
1258 2660 1533 2725 Maesae
1560 2708 1578 2740 ,
1633 2674 1701 2725 ct
1727 2666 1860 2724 An·

323 2760 499 2822 niae
531 2756 884 2821 Faustinae
939 2756 1179 2820 similes
1230 2756 1513 2821 ostentat
1560 2759 1855 2820 museum

315 2852 743 2921 Caesareum
762 2901 782 2932 ‚
831 2867 904 2916 et
925 2853 1282 2938 Elagabali
1308 2856 1580 2936 quidem
1607 2853 1878 2937 postre-,

320 2955 436 3018 mi
469 2952 614 3013 sunt
645 2971 800 3013 cum
835 2950 1005 3012 trib.
1038 2947 1386 3034 potestate·
1412 2952 1501 3018 11.
1568 2952 1858 3029 Tamen,

315 3049 531 3133 quod
567 3047 1057 3110 observandum
1081 3092 1100 3122 ‚
1151 3065 1284 3108 non
1325 3048 1660 3111 cessavere
1696 3049 1859 3109 inte-

319 3165 464 3209 rea
509 3145 806 3227 argentei
845 3144 1208 3219 ordinarii,
1262 3156 1334 3205 et
1384 3142 1595 3206 multo
1651 3147 1860 3224 maio-

315 3262 409 3305 re
450 3241 724 3326 quidem
768 3240 972 3323 copia
1004 3237 1217 3302 feriri.
1306 3240 1460 3300 Non
1502 3238 1858 3302 observan-

317 3353 448 3404 tur
493 3337 611 3398 snb
648 3337 935 3419 imperio
994 3335 1408 3410 Alexandri,
1464 3335 1857 3410 Maximini,

313 3449 402 3499 et
441 3435 742 3518 priorum
782 3430 1324 3506 Gordianorum,
1382 3441 1451 3493 at
1491 3428 1860 3513 resumptus

289 3550 486 3598 suos
529 3527 645 3589 sub
681 3526 1013 3600 Balbino,
1066 3540 1132 3590 et
1169 3528 1499 3610 Pupieno,
1551 3545 1636 3587 ac
1661 3545 1861 3609 prae-

305 3629 539 3712 cipue
577 3620 929 3693 Gordiano
978 3624 1094 3686 111.
1123 3670 1144 3698 ‚
1209 3623 1508 3704 sub-quo
1551 3620 1857 3707 frequen·

303 3722 574 3790 tissimi
613 3719 758 3783 sunt
806 3721 966 3785 novi
1015 3720 1207 3798 hujus
1239 3718 1511 3783 instituti
1549 3719 1757 3792 numi,
1795 3730 1865 3779 et

299 3818 614 3887 duravit
650 3816 864 3892 illud,
917 3818 1076 3881 dum
1134 3836 1240 3887 res
1289 3816 1670 3892 monetaria
1717 3813 1860 3899 pes-

301 3910 472 3981 sum
508 3917 606 3975 ire
642 3914 889 3995 coepit.
945 3913 1228 3977 Factum
1266 3912 1583 3997 exposui„
1636 3923 1706 3974 at
1746 3929 1862 3973 no·

295 4016 388 4078 vi
436 4010 653 4074 moris
691 4008 960 4075 causam
1005 4030 1112 4071 me
1154 4011 1467 4095 ignorare
1504 4007 1853 4093 profiteor.

748 4164 823 4229 N
821 4162 1046 4231 omina'
1079 4163 1449 4229 Caracaffae.

407 4303 770 4394 Baffiamas.
828 4303 1277 4404 Hoc'nomen
1323 4303 1422 4367 illi
1477 4302 1699 4375 adhuc
1742 4320 1860 4386 pu·

369 4547 449 4603 a)
493 4537 573 4592 ad
606 4538 806 4593 [ebert.
844 4538 915 4592 T.
950 4539 994 4591 1.
1031 4557 1088 4610 p.
1125 4541 1209 4593 60.

283 4618 446 4671 Seu.
464 4628 511 4664 ο.
539 4626 621 4665 ιο.
669 4660 686 4678 ,
777 4611 828 4675 e)
867 4611 923 4662 in
942 4608 1203 4663 Diadum.
1242 4628 1286 4664 c.
1323 4612 1377 4672 6,

1383 4538 1451 4601 b)
1486 4540 1677 4593 Victor
1709 4539 1844 4595 alter
1884 4542 1939 4588 in
1979 4536 2172 4595 Carae.

1484 4609 1528 4674 f)
1567 4609 1603 4660 l.
1649 4626 1697 4669 c,
1751 4646 1756 4651 -
1795 4611 1857 4678 ,ω
1903 4607 2118 4664 Gruter,
2155 4624 2212 4681 p,
2256 4611 2374 4681 ²67·
2414 4626 2468 4678 7,

3322 568 3483 619 22ae

1955 755 2072 801 ero
2115 750 2182 800 et
2214 737 2487 821 privato
2525 737 2692 818 fuit,
2743 739 3030 809 inditum
3065 758 3153 805 ex
3191 743 3467 835 nomine

1953 837 2068 897 avi
2108 838 2432 912 materni,
2486 821 3044 920 ¹³)‚duravitque,
3097 839 3312 903 donec
3358 841 3464 923 ab

1949 930 2202 993 intrusa
2264 933 2581 999 Antonini
2627 934 3089 1018 appellatione
3150 940 3465 1009 extrude-

1952 1040 2158 1089 retur.
2201 1028 2485 1091 Peracta
2520 1033 2658 1108 ejus
2688 1032 2909 1113 caede*
2946 1050 3065 1115 per
3106 1051 3462 1103 commune

1955 1123 2253 1187 omnium
2311 1125 2541 1186 odium
2601 1126 2961 1190 Bassianus
3014 1128 3263 1203 rursum
3302 1150 3461 1215 con·

1949 1220 2259 1305 temptim
2294 1221 2429 1282 dici
2465 1224 2713 1308 coepit.
2736 1228 2792 1301 e)
2846 1224 3097 1285 Verum
3135 1223 3202 1285 in
3232 1245 3465 1288 monu-

1951 1316 2197 1381 mentis
2250 1314 2540 1401 publicis
2601 1338 2847 1383 nomen
2906 1317 3075 1381 istud
3127 1320 3231 1381 seu
3296 1323 3464 1385 nati·

1949 1432 2110 1476 vum
2141 1458 2159 1487 ‚
2215 1411 2319 1473 seu
2362 1415 2925 1479 ‘contumeliosum
2963 1435 3097 1477 non
3139 1416 3402 1500 Legitur.

2046 1510 2147 1573 M.
2186 1508 2490 1575 Aureszus
2546 1511 2933 1581 Antoninus.
3032 1510 3280 1575 illustre
3336 1514 3468 1578 hoc

1949 1625 2198 1669 nomen
2236 1604 2376 1667 filio
2402 1626 2528 1690 pro
2561 1608 2845 1671 obscuro
2881 1608 3185 1671 Bassiani
3226 1610 3472 1675 indidit

1947 1702 2241 1766 severus
2266 1748 2285 1776 ‚
2332 1722 2483 1764 cum
2516 1724 2669 1765 eum
2703 1701 3061 1767 Caesarem
3110 1705 3292 1788 apud
3352 1707 3466 1769 Vi·

1951 1799 2316 1861 minacium
2347 1800 2750 1883 appellavit,
2804 1815 2879 1863 ut
2917 1799 3126 1863 refert
3166 1801 3468 1891 Spartia-

1950 1915 2120 1970 nuS,
2163 1886 2218 1969 d)
2293 1896 2477 1978 quod
2530 1893 2788 1960 factum
2860 1897 3161 1960 diximus
3235 1899 3316 1964 V.
3382 1896 3465 1965 C.

1906 2005 2113 2070 ‚949.
2166 1990 2392 2052 Datae
2439 1994 2578 2072 ejus
2610 1991 3098 2076 appellationis
3138 1980 3463 2063 frivolam

1950 2085 2218 2149 causam
2260 2084 2522 2169 adfert,
2574 2090 2758 2170 quod
2794 2088 3249 2153 somniaverat
3275 2102 3472 2175 pater

1950 2182 2363 2259 Antoninum
2412 2181 2528 2245 fibi
2566 2184 3041 2258 success'urum‚
3116 2205 3323 2268 quam
3368 2205 3467 2247 re·

1948 2278 2117 2361 petit
2153 2296 2421 2360 quoque
2468 2278 2926 2362 Lampridius.
2984 2277 3045 2359 ⁶)
3123 2280 3467 2363 Spartiani

1947 2371 2373 2435 verissmilior
2419 2372 2635 2437 altera
2694 2374 2821 2451 est,
2878 2377 3200 2456 quoniam
3264 2375 3466 2437 Seve-

1946 2489 2058 2533 rus
2098 2468 2236 2553 ipse
2274 2469 2341 2529 in
2382 2470 2599 2532 Marci
2634 2468 2970 2533 familiam
3014 2470 3289 2534 tranfire
3343 2492 3462 2534 vo·

1943 2563 2108 2643 luit,
2163 2566 2475 2627 nimirum
2522 2579 2596 2628 ut
2656 2566 2812 2642 fibi,
2880 2578 3086 2649 atque
3147 2566 3464 2650 imposita

1941 2660 2086 2723 filio
2125 2663 2448 2724 Antonini
2481 2663 2945 2747 appellatione
2988 2663 3135 2747 plus
3172 2666 3461 2727 auctori-

1939 2759 2145 2834 tati3‚
2200 2770 2402 2841 atque
2445 2757 2955 2822 existimationis
2996 2759 3314 2845 publicae
3351 2781 3466 2827 ac-

1938 2853 2305 2929 cresceret,
2358 2854 2442 2917 de
2476 2875 2612 2937 quo
2648 2856 2978 2941 prolixius
3019 2858 3125 2942 egi
3158 2857 3223 2919 in
3260 2856 3462 2920 Seve-

1940 2970 2019 3013 ro
2047 2952 2130 3011 V.
2172 2948 2249 3012 C.
2292 2957 2432 3031 948
2470 2953 2558 3014 ad
2591 2972 2911 3017 numum:
2964 2951 3182 3017 DIVI.
3206 2954 3304 3016 M.
3330 2956 3462 3021 ΡΠ.

1939 3048 2017 3110 F.
2075 3047 2350 3129 Quanta
2390 3068 2554 3113 vero
2600 3047 2803 3113 fuerit
2842 3069 2929 3112 ea
2971 3060 3195 3112 aetate
3246 3051 3461 3136 super·

1939 3141 2113 3207 ilitio
2152 3145 2443 3205 nominis
2492 3147 2966 3225 Antoniniani,
3023 3142 3293 3210 abunde
3341 3151 3459 3213 do-

1939 3253 2045 3301 cet
2085 3240 2545 3322 Lampridius.
2588 3231 2645 3331 f)
2915 3292 2925 3301 .

2036 3334 2326 3399 Severus.
2395 3335 2662 3416 Nomen
2710 3335 2915 3412 istud,
2971 3349 3120 3400 utut
3177 3359 3222 3401 a
3262 3354 3459 3425 patre

1937 3430 2466 3507 hereditarium,
2521 3453 2735 3515 neque
2797 3433 3462 3518 scriptore3‚‚neque

1938 3527 2124 3589 numi
2179 3516 2406 3599 L‘atini
2449 3525 2852 3590 Caracallae
2890 3524 3252 3593 adstruunt.
3325 3532 3467 3594 Ta-

1943 3643 2093 3684 men
2129 3624 2196 3683 in
2241 3624 2462 3684 numis
2519 3621 2936 3685 Graecarum
3001 3620 3270 3685 urbium
3328 3623 3459 3707 fre·

1942 3731 2223 3802 quenter
2273 3718 2519 3782 dicitur
2578 3718 3076 3798 CGOTHPOC,
3150 3733 3231 3795 ut,
3266 3732 3335 3789 et
3391 3725 3459 3787 in

1940 3814 2395 3876 marmoribus
2442 3815 2724 3895 Latin-is,
2762 3813 2824 3891 8)
2860 3888 2867 3895 ‚
3002 3868 3011 3874 .
3252 3895 3258 3901 .

2037 3910 2218 3977 Pius.
2273 3911 2423 3973 Hoc
2456 3914 2551 3979 illi
2598 3932 2845 3976 nomen
2890 3934 3043 3977 cum
3110 3927 3346 3999 patre,
3400 3928 3468 3989 et

1937 4005 2152 4071 fratre
2196 4026 2577 4075 commune.
2635 4010 2836 4087 (Vide
2889 4010 3272 4090 Severum.)
3361 4013 3462 4075 Eo

1941 4108 2009 4168 in
2044 4105 2263 4167 numis
2314 4106 2407 4180 uti
2447 4110 2675 4192 coepit
2717 4125 2896 4168 anno
2936 4109 3209 4185 demum
3255 4108 3337 4172 V.
3370 4107 3456 4189 C.

1944 4213 2104 4283 954.
2159 4201 2234 4262 In
2284 4221 2488 4265 numo
2526 4202 2792 4275 Graeco
2837 4204 3111 4270 neme.
3148 4194 3207 4280 ¹¹)
3252 4264 3259 4281 ,

2038 4298 2243 4365 Felix.
2301 4298 2493 4363 Hunc
2526 4302 2797 4365 titulum
2848 4300 3125 4386 collegit
3170 4320 3216 4363 a
3266 4299 3463 4367 Com·

2347 4545 2398 4603 c)
2443 4538 2552 4592 Dio
2570 4536 2629 4588 L.
2664 4535 2988 4595 LXXVIII.
3028 4537 3142 4605 §9-
3180 4494 3199 4499 -
3234 4494 3291 4502 *⁴
3315 4537 3372 4595 d)
3406 4494 3466 4589 in

2574 4603 2907 4671 b).Pellerin
2947 4605 3085 4662 Mei.
3126 4605 3208 4663 n.
3238 4622 3301 4680 p.
3345 4622 3457 4687 ²5¹3
