4242 5459
821 557 992 637 sm.
1096 557 1770 638 GALEmvs
1867 543 2694 679 ANTo'vas.
3240 582 3334 660 4³

58 749 61 872 ,
266 764 484 829 XVIII.
528 763 713 848 fistit,
765 760 1061 847 probare
1124 762 1516 837 contendit,
1591 782 1744 826 eum
1825 759 2228 847 persuadere
2283 758 2455 822 mihi
2483 758 3014 845 haudquaquam
3053 761 3339 847 poss'um.
3431 827 3444 838 .

266 862 439 924 matri
470 873 624 923 octo
647 907 667 935 ,
720 858 1042 921 decemve
1080 859 1271 921 annis
1302 855 1492 920 fuiss‘e
1520 855 1744 944 super·
1825 856 2092 920 Deinde
2145 874 2298 918 eum
2332 870 2606 918 numum
2653 856 2760 919 vir
2799 857 3098 921 eruditus
3134 874 3344 925 vocat

58 903 61 1066 ἱ
270 955 452 1018 stitem
475 1003 495 1031 ‚
545 967 887 1016 mortuum
925 954 1102 1016 adeo
1134 957 1275 1033 jam
1312 952 1468 1016 satis
1500 973 1744 1039 prove·
1824 949 2356 1015 Alexandrinum
2384 947 2691 1014 fabricae
2724 950 2933 1014 caulis
2953 967 3337 1038 permotusg

58 1103 59 1126 2
270 1064 359 1114 cto
392 1051 705 1114 Antonini
743 1049 1054 1132 imperio.
1104 1053 1355 1112 Verum
1396 1067 1483 1111 an
1530 1049 1747 1113 credi·
1827 1058 1902 1112 at
1937 1066 2055 1110 cur
2094 1057 2366 1131 praeter
2395 1065 2653 1109 morem
2700 1044 2882 1109 abest
2935 1068 3149 1113 annus
3216 1052 3342 1114 im.

58 1153 61 1230 j
269 1145 418 1223 bile,
497 1144 702 1207 etiam
762 1155 905 1205 tum
959 1142 1276 1221 Galerio,
1322 1147 1465 1224 jam
1513 1145 1744 1229 utique
1827 1139 2050 1227 peril?
2099 1140 2238 1204 Cur
2276 1144 2361 1203 in
2425 1140 2559 1204 hoe
2613 1143 2943 1228 reperitur
2977 1130 3203 1209 ‘litera
3232 1149 3344 1236 Σ,

58 1243 61 1270 ³'
271 1241 401 1303 fatis
439 1239 711 1316 adulto,
762 1240 1061 1302 nondum
1125 1240 1469 1302 deeretum
1510 1238 1747 1304 Caesa·
1831 1257 2008 1320 quae
2052 1238 2124 1299 in
2169 1249 2446 1301 moneta
2496 1239 2862 1324 Aegyptia,
2889 1243 3032 1322 jam
3089 1242 3247 1305 inde
3304 1265 3352 1309 a

273 1336 347 1398 ris
373 1334 679 1399 titulum?
727 1334 812 1397 Et
847 1354 1013 1397 vero
1042 1346 1155 1398 tot
1196 1335 1531 1418 super-sunt
1563 1335 1751 1398 numi
1829 1333 2136 1416 Trajano
2204 1331 2437 1396 exulat
2514 1334 2815 1396 invecto·
2859 1333 3200 1402 constante
3252 1341 3301 1406 C
3315 1340 3354 1408 ἓ

275 1431 359 1494 M.
391 1430 673 1508 Aurelii,
728 1430 841 1513 qui
881 1428 1126 1493 Caesar
1149 1441 1407 1494 tantum
1449 1444 1596 1493 erat
1631 1450 1752 1517 per
1828 1431 2081 1492 Verum
2130 1429 2215 1491 de
2260 1430 2446 1492 numi
2496 1432 2635 1509 ejus
2681 1431 3061 1516 integritate
3108 1436 3349 1516 judici·
3393 1487 3398 1492 .

273 1527 715 1609 adoptionem,
788 1527 1165 1609 imperante
1219 1526 1559 1590 Antonino
1608 1528 1750 1590 Ro·
1831 1543 1943 1586 um
1982 1523 2206 1588 ferant
2239 1523 2312 1600 ii,
2366 1525 2482 1608 qui
2521 1524 2865 1604 viderunt,
2919 1539 2986 1589 et
3026 1547 3177 1591 cum
3204 1534 3349 1595 ani·

272 1641 411 1685 mae
429 1619 678 1705 (ignati,
733 1633 800 1684 et
835 1621 1109 1684 nullum·
1133 1621 1190 1682 is
1230 1620 1465 1706 [ignari
1496 1622 1745 1706 permi-
1833 1619 1923 1681 mi
1950 1619 2269 1702 pendent,
2319 1620 2555 1683 videre
2578 1620 2862 1706 poss‘unt.
2917 1622 3183 1686 Interea
3201 1645 3348 1687 cer-

270 1716 406 1779 ferit
434 1719 493 1780 in
527 1718 852 1780 honorem
886 1715 1006 1778 filii
1031 1735 1151 1801 per
1186 1713 1492 1779 naturam
1528 1719 1558 1779 ’ἓ
1607 1717 1746 1779 De·
1829 1726 1973 1777 tum
2018 1709 2148 1792 est,
2183 1733 2471 1777 numum
2506 1717 2801 1800 priorem
2829 1716 3152 1803 signatum
3193 1720 3347 1784 fuis-

270 1815 449 1897 nique
483 1813 521 1876 fi
554 1812 934 1898 permiss'um
965 1809 1054 1874 est
1094 1811 1346 1895 eloqui,
1390 1812 1576 1895 quod
1606 1790 1745 1875 sen⁸-
1830 1823 1904 1873 se
1928 1806 2070 1895 post
2105 1809 2338 1873 matris
2374 1810 2430 1873 F
2433 1809 2727 1874 austinae
2763 1812 3090 1876 exeeffum
3117 1862 3137 1892 ‚
3170 1837 3349 1900 quae

271 1909 394 1988 tio,
438 1929 559 1973 non
600 1928 842 1993 parum
892 1907 1059 1970 mihi
1101 1910 1368 1970 videtur
1415 1907 1747 1992 suspectus
1828 1908 1896 1968 in
1950 1925 2158 1969 numo
2209 1905 2476 1984 velata,
2547 1919 2614 1970 et
2675 1926 2847 1974 cum·
2883 1910 3349 1994 appellatione

58 1961 77 2088 Ξ
271 2005 425 2068 alter
469 2005 570 2068 hic
619 2023 907 2080 numuS,
976 2003 1088 2065 etfi
1151 2006 1290 2083 ejus
1351 2001 1518 2066 fides
1553 2001 1747 2088 gravi
1829 2001 2057 2067 ΘΕΛΕ
2100 2001 2543 2087 proponitur,
2596 2014 2664 2064 et
2729 2004 2929 2089 plane
2959 2007 3346 2086 verifimile,

272 2119 575 2183 praecone
609 2101 897 2174 nitatur,
951 2102 1135 2180 cuius
1175 2098 1527 2181 exemplar
1560 2098 1747 2160 aliud
1823 2095 2003 2159 hunc
2045 2094 2275 2160 Galer.
2315 2099 2747 2160 Antoninum·
2787 2100 3061 2182 privato
3119 2103 3346 2168 adhue

271 2193 561 2260 hactenus
611 2205 953 2280 repertum
1005 2213 1139 2257 non
1179 2191 1290 2258 est.
1392 2194 1569 2256 Nam
1615 2192 1746 2277 pri·
1826 2203 2021 2275 patre
2057 2193 2293 2255 vivere
2326 2190 2662 2270 defiviffe,
2730 2213 3171 2280 quaecunque
3230 2200 3358 2262 de..

274 2310 430 2353 mum
482 2288 795 2354 molestae
837 2288 980 2351 sunt
1033 2288 1270 2351 literae
1310 2289 1475 2354 ΤΙΡ.
1503 2334 1524 2364 ,
1576 2306 1746 2371 quas
1828 2286 1985 2348 inde
2024 2285 2226 2348 causa
2262 2283 2427 2362 fuit,
2481 2288 2671 2371 (nam
2718 2283 2923 2370 quot,
2976 2303 3045 2352 et
3089 2306 3349 2374 quanta

270 2383 534 2468 speciosa
572 2388 833 2470 magia,
886 2405 1093 2468 quam
1141 2381 1478 2447 verifimili
1530 2383 1743 2466 expli·
1830 2380 2013 2456 sunt,
2066 2399 2244 2462 quae
2284 2372 2713 2471 ignoramus)
2765 2401 2944 2465 quae
3008 2383 3347 2450 Graecam

272 2482 512 2544 catione
528 2483 848 2568 legendas
866 2480 1257 2555 cenret’rlog
1274 2479 1526 2559 Ρωμης,
1563 2478 1746 2560 quod
1829 2475 2176 2538 civitatem
2199 2523 2219 2553 ,
2270 2474 2463 2557 hujus
2499 2489 2847 2539 auctorem
2869 2481 3079 2558 numi,
3119 2481 3354 2565 impu-

270 2587 467 2639 utrum
502 2578 571 2641 [it
610 2596 733 2660 pro
775 2581 912 2656 ejus
940 2577 1184 2637 aetatis
1220 2574 1512 2658 ingenio,
1563 2592 1743 2636 nem·
1826 2570 1942 2649 lit,
1995 2582 2070 2633 ut
2100 2590 2253 2635 eum
2289 2568 2581 2658 Augusta
2620 2583 2891 2637 mortua
2927 2573 3140 2639 filium
3177 2569 3360 2661 quo-·

269 2690 345 2755 pe
372 2671 569 2738 filium
594 2672 1033 2757 imperatoris
1050 2670 1274 2734 dicere
1276 2668 1745 2758 filiumRomae,
1829 2686 1976 2751 que.
2004 2681 2347 2733 mortuum
2379 2670 2450 2733 in
2498 2679 2773 2734 moneta
2808 2668 3144 2738 sociaret}
3210 2686 3214 2692 ’

1513 2903 2085 3026 ΡΒΕΤΙᾎνΜ..

274 3149 522 3218 Tantum
567 3154 887 3218 comma-tis
925 3110 1301 3236 peregrinir
2495 3169 2499 3173 ·

438 3252 646 3313 Aenei
696 3250 749 3313 I.
802 3247 1092 3311 formae.
1358 3282 1392 3298 ·
1585 3282 1608 3297 ·
1805 3282 1829 3299 -
2028 3284 2052 3299 -
2251 3282 2292 3297 ·-
2474 3281 2496 3300 .
2695 3284 2719 3299 .
2915 3247 3218 3317 RRRR..

430 3346 641 3410 Aenei
710 3345 822 3407 11..
863 3340 1128 3405 formae
1363 3377 1396 3394 -
1593 3374 1616 3391 ·
1702 3433 1705 3438 Ι
1814 3377 1836 3392 ·
2034 3379 2056 3394 ·
2131 3373 2134 3378 ·
2255 3372 2279 3391 ·
2474 3377 2520 3395 ον
2604 3362 2618 3378 ·
2697 3378 2742 3393 -·
2910 3343 3120 3408 RRR.

433 3442 689 3506 Eorum
742 3438 953 3503 multi·
987 3436 1242 3501 exstant
1293 3433 1519 3522 spurii.

784 3699 793 3706 ’
983 3726 1082 3791 M.
1182 3722 1794 3835 AVa-Eum·
1885 3721 2632 3790 ANTONINVS·.1
2715 3763 2722 3769 -

333 3921 545 3988 Natur'»
589 3923 909 3996 Romae,
958 3919 1095 3998 ejus
1145 3933 1281 3978 avo
1320 3915 1541 3978 Annio
1574 3916 1761 3978 Vero
1840 3928 1905 3979 et
1948 3914 2252 3979 Lucillae
2315 3935 2568 3980 nomen
2621 3914 2794 3995 fuit,
2846 3921 2906 3998 θ)
2972 3919 3354 4008 habuitque

254 4014 328 4077 11.
374 4032 436 4081 et
482 4025 766 4102 Augure
818 4034 958 4077 cos,
985 4058 1004 4088 ,
1048 4013 1166 4073 seu
1211 4013 1293 4075 V.
1337 4010 1412 4073 C.
1485 4023 1647 4090 874.
1700 4018 1755 4085 ⁸)
1840 4013 2120 4075 amitam
2164 4009 2511 4075 Galeriam
2544 4011 2928 4077 Faustinam
2958 4017 3345 4105 Augustam,

250 4111 354 4174 vl.
399 4115 558 4178 Kal.
626 4114 854 4192 Majas
909 4098 973 4188 ¹³)
1026 4119 1219 4192 patre
1280 4107 1501 4169 Annio
1572 4110 1753 4171 Vero
1838 4110 2023 4190 cujus
2076 4109 2319 4170 deinde
2373 4107 2583 4171 filiam
2633 4107 3060 4191 Faustinam,
3115 4115 3351 4178 conso·

250 4223 600 4292 praetore,
655 4219 878 4269 matre
913 4203 1217 4270 Domitia
1255 4199 1592 4282 Calvilla,
1646 4204 1754 4268 cui
1834 4202 2099 4266 brinam
2150 4224 2390 4290 nempe
2431 4204 2657 4283 suam,
2710 4193 2920 4269 duxit.
2967 4200 3029 4294 ει)
3073 4210 3368 4276 Nomen·

312 4441 368 4500 a)
405 4437 725 4509 capitolin,
763 4452 888 4506 cap.
932 4453 981 4493 ι,
1022 4453 1030 4466 ·
1164 4429 1222 4494 b)
1260 4428 1419 4484 ibid.
1448 4442 1499 4482 et
1538 4431 1844 4487 Kalendars
1876 4433 2143 4489 Lambec.
2335 4438 2384 4508 e)
2424 4437 2721 4511 capitolin.
2760 4436 2819 4488 in
2856 4435 2939 4490 Μ.
2978 4435 3170 4497 Aurel.
3206 4455 3254 4494 e.
3294 4439 3360 4493 6οι

240 4502 519 4609 xspartian.
560 4509 625 4559 in
659 4505 881 4559 Iuliano
915 4520 966 4557 e.
1009 4521 1053 4555 ι.
1232 4499 1307 4568 a)
1347 4500 1647 4572 Capitolia.
1679 4521 1728 4565 e,
1771 4522 1819 4555 ι.
1863 4552 1915 4577 ==
2813 4554 2875 4645 F.
2928 4589 2964 4647 2
3021 4577 3034 4594 ἱ
