4242 5459
811 521 972 598 30„
1669 484 3133 584 BALBINVS‚PVP1ENVS;

816 696 1043 766 obviis
1077 694 1322 761 dicitur
1354 686 1546 759 COS.
1579 691 1667 757 11.
1689 741 1708 769 ,
1752 710 1904 757 eum
1938 704 2170 758 tamen
2209 691 2338 760 Ca·
2423 694 2780 761 contentis.
2834 694 2933 760 En
2969 714 3223 762 novum
3267 695 3339 760 in
3372 695 3665 764 Balbino
3713 711 3785 768 ej:
3819 699 3960 768 Pu.

808 796 1137 884 pitolinus
1167 794 1229 858 ei
1251 790 1502 856 nonuifi
1531 789 1896 875 fimplicem·
1916 791 2337 855 consulatum
2419 793 2623 875 piene
2687 792 3072 877 exemplum
3103 840 3133 870 „
3214 811 3499 877 quorum
3590 807 3957 882 utrumque

811 893 1095 957 uibuat.
1134 896 1194 969 ⁸)
1260 890 1346 953 Et
1393 908 1558 953 vero
1611 887 1654 949 fi
1713 886 1820 949 bis
1871 886 2336 972 processiss'et‚
2418 886 2816 971 pontificatu
2862 891 3169 953 maximo
3203 888 3727 976 fuiss'einfignem
3758 912 3955 957 com.

815 1010 971 1053 oum
1016 989 1348 1052 honorem
1390 984 1972 1050 commemorass’et
2006 981 2162 1046 sane
2201 987 2337 1050 He·
2416 982 2715 1068 probant
2747 987 2955 1050 numi.
3025 986 3192 1048 Eum
3231 986 3299 1047 iu
3339 986 3579 1049 ambos
3616 988 3953 1053 collatum

816 1086 1183 1160 rodiauus,
1238 1102 1440 1166 quem
1463 1101 1597 1144 non
1623 1080 1891 1143 reticuit
1910 1081 1973 1143 in
2013 1079 2349 1146 Balbino.'
2414 1076 2624 1141 refert
2662 1083 2864 1144 etiam
2892 1078 3373 1165 Capitolinus,
3397 1070 3456 1160 1’)
3501 1082 3611 1144 etfi
3654 1084 3823 1150 nihil
3863 1088 3951 1150 de

816 1183 1086 1245 Tamen
1128 1181 1276 1263 quis
1337 1198 1471 1241 non
1520 1178 1755 1254 videt,
1807 1177 2149 1261 potiorem
2208 1175 2333 1238 effe
2414 1172 2708 1240 infracto
2746 1197 2933 1240 more
2977 1190 3204 1241 vetere
3258 1180 3660 1263 praecipiat.
3728 1181 3953 1245 Dubia

812 1296 1173 1346 tumorum
1236 1276 1758 1353 auctoritatem,
1833 1290 2042 1359 quam
2094 1272 2334 1336 utrius·
2415 1274 2549 1335 tari
2592 1274 2875 1358 nequit,
2946 1271 3112 1337 istud
3156 1273 3462 1359 patribus
3519 1275 3729 1338 visum
3768 1324 3787 1354 ‚
3875 1291 3955 1344 ut

818 1394 950 1461 que
992 1372 1314 1439 historici:
2310 1412 2319 1422 -
2418 1381 2717 1452 aequata
2753 1371 3060 1453 utrinque
3096 1383 3240 1434 tam
3289 1368 3613 1453 potestate
3638 1420 3656 1448 ‚
3732 1391 3951 1458 quam

2419 1466 2749 1550 dignitate
2820 1471 3040 1548 major
3079 1468 3147 1530 in
3210 1479 3497 1551 utroque
3549 1470 3959 1537 animorum

1234 1566 1540 1651 Pontifex
1586 1566 1919 1631 maximus.
2089 1607 2098 1620 .
2418 1561 2575 1625 effet
2611 1562 2943 1625 consentio
2967 1612 2985 1641 ‚
3042 1585 3245 1648 quam
3283 1565 3540 1628 invidia
3578 1563 3786 1628 facile
3819 1587 3945 1651 po·

2413 1657 2633 1720 tuiss'et
2672 1678 3127 1746 corrumpere.
3174 1661 3305 1723 Sed
3334 1662 3417 1723 de
3454 1681 3635 1725 novo
3666 1663 3797 1725 hoc
3821 1684 3947 1748 ge-

910 1763 1301 1837 Haotenus,
1353 1778 1501 1821 cum
1542 1760 1676 1821 duo
1736 1757 1847 1820 vel
1883 1769 2021 1818 tres
2066 1772 2201 1817 una
2241 1751 2336 1815 es·-
2416 1753 2654 1815 minati
2697 1756 2762 1817 in
2801 1769 3086 1841 utroque
3110 1759 3304 1837 hujus
3326 1757 3603 1820 honoris
3639 1756 3945 1821 instituto

820 1861 958 1923 sent
1025 1855 1334 1942 Augusti,
1404 1855 1460 1917 is
1508 1867 1771 1916 tantum
1826 1864 1974 1915 erat
2019 1848 2335 1934 pontifex
2417 1868 2695 1933 agemus
2736 1852 2933 1935 plura
2968 1856 3037 1918 in
3104 1867 3401 1918 tractatu
3463 1856 3546 1918 de
3605 1852 3947 1920 Pontifice

818 1955 1197 2030 maximu5‚
1251 1951 1366 2035 qui
1409 1952 1736 2034 dignitate
1776 1946 2184 2033 praestabat,
2235 1966 2334 2007 re·
2418 1948 2746 2011 maximo,

817 2053 1019 2138 liquis
1069 2048 1466 2115 inferiorum
1513 2047 2045 2111 sacerdotiorum
2071 2044 2335 2106 honore

1362 2339 1440 2382 -’
1546 2333 2077 2401 PRETIVM
2173 2353 2597 2398 numerum
2687 2332 3202 2401 BALBINI.

819 2533 1156 2602 commatis
1205 2528 1473 2594 Romani
1488 2554 1512 2592 .-
2083 2551 2098 2580 .-

1010 2629 1220 2692 Aurei
1322 2664 1343 2677 ·
1544 2660 1566 2675 ·
1763 2662 1786 2676 -
1983 2661 2009 2681 .
2206 2653 2230 2669 ·
2428 2656 2451 2670 ·
2651 2659 2670 2672 .
2873 2659 2896 2674 .
3095 2662 3121 2677 ,,
3321 2662 3345 2680 ,
3542 2625 3824 2698 RRRR,

1007 2723 1324 2807 Argentei
1524 2750 1550 2762 -
1750 2755 1776 2767 -
1978 2751 2006 2771 ⁴
2203 2756 2227 2769 ·
2427 2753 2453 2764 ·
2658 2755 2685 2768 -
2884 2755 2906 2769 ·
3103 2757 3139 2774 -
3337 2760 3361 2775 ·
3433 2779 3439 2786 .
3559 2724 3650 2790 R.

1013 2818 1228 2882 Aeaei
1278 2816 1332 2876 Ι.
1385 2812 1653 2877 formae
1974 2851 2001 2867 -
2200 2852 2226 2864 -
2430 2848 2457 2861 -
2660 2851 2683 2865 -
2877 2853 2903 2865 -
3104 2854 3131 2866 -
3329 2856 3355 2869 -
3554 2820 3642 2886 R,

1009 2913 1225 2976 Aeaei
1275 2908 1360 2970 11.
1414 2907 1683 2971 formae
1972 2947 1999 2961 -
2195 2944 2222 2959 ι
2419 2948 2445 2960 -
2642 2947 2670 2960 -
2868 2948 2893 2961 -
3045 2961 3049 2965 ,
3092 2950 3119 2965 -
3317 2948 3361 2972 -,
3538 2916 3762 2984 ΒΗΚ,

1015 3007 1227 3071 Aenei
1277 3004 1395 3068 111.
1448 3003 1714 3068 formae
1831 3061 1846 3066 -
1975 3046 2008 3062 -
2205 3044 2231 3056 ·
2429 3042 2456 3055 ·
2657 3040 2687 3056 -
2882 3045 2905 3060 -
3103 3048 3127 3061 -
3323 3046 3356 3062 ..
3551 3012 3642 3081 0,

823 3104 1159 3175 Consumtis
1203 3103 1528 3188 pango-ini
1552 3111 1584 3180 ,'
1626 3114 1697 3165 ut
1734 3103 1986 3168 dictum
2028 3101 2253 3167 altius,
3221 3114 3227 3120 ’
3334 3113 3353 3128 ·

1477 3347 2074 3463 ΔΡιηεῑωνιηιαν
2158 3410 2585 3461 „umorum
2681 3389 3215 3458 PVPJENJ.

816 3592 1153 3659 Commutis
1200 3591 1470 3658 Romani
1485 3614 1509 3654 .·

1011 3689 1216 3754 Aurei
1503 3726 1534 3744 -
1736 3725 1759 3739 -
1955 3719 1990 3740 -
2186 3722 2219 3738 ·
2418 3719 2442 3734 ·
2642 3720 2666 3734 ·
2864 3717 2897 3736 -·
3095 3717 3130 3736 -
3327 3720 3351 3734 ·
3550 3684 3825 3753 RRRR.

1011 3783 1332 3865 Argentei
1411 3826 1416 3832 -
1504 3819 1527 3834 ·
1570 3807 1577 3814 ·
1740 3820 1764 3834 -
1962 3817 1984 3832 ·
2095 3847 2108 3852 ,
2197 3815 2221 3831 ·
2419 3811 2445 3832 ο
2534 3815 2549 3822 ’
2640 3815 2664 3831 ·
2880 3816 2903 3830 ·
3103 3813 3126 3830 ·
3326 3818 3349 3831 ·
3448 3787 3469 3794 “
3547 3782 3635 3846 R.

1008 3878 1222 3938 Aeaei
1276 3877 1327 3938 Ι.
1378 3871 1646 3940 formae
1974 3918 1997 3932 -
2214 3911 2237 3925 ·
2430 3912 2455 3927 -
2654 3914 2677 3929 ·
2880 3914 2903 3930 -
3102 3912 3124 3927 ·
3322 3912 3346 3928 ·
3542 3879 3630 3941 R.

1012 3974 1223 4034 Aenei
1274 3971 1361 4038 11.
1411 3967 1679 4036 formae
1825 3955 1837 3965 ’
1972 4011 1996 4027 -
2205 4012 2231 4027 -
2427 4011 2461 4031 .-
2654 4008 2684 4024 -
2738 4019 2751 4028 .
2882 4010 2904 4024 -
3101 4010 3134 4026 -
3332 4010 3356 4025 ·
3554 3973 3778 4048 Rluzg

1008 4069 1219 4132 Aeaei
1271 4065 1711 4133 111.·formae
1960 4106 1991 4122 -
2213 4108 2235 4123 -
2434 4109 2459 4123 ·
2659 4102 2685 4118 ·
2881 4107 2907 4121 -
3094 4104 3131 4126 ·
3324 4105 3355 4124 ε
3548 4068 3642 4134 0.

816 4165 1153 4236 commatis
1191 4166 1518 4251 peregrim·
1539 4213 1564 4252 ‚
1615 4177 1691 4229 ut
1739 4166 2020 4235 dictum.

885 4575 944 4645 a)
979 4573 1118 4648 Cap.
1161 4577 1244 4645 ις.
1305 4599 1312 4608 >
1381 4571 1498 4643 ·'b)
1531 4572 1670 4648 Cap.
1708 4582 1762 4638 0.
2873 4579 2882 4587 ·
