4242 5459
1253 551 2065 635 ANTONINVS
2155 552 2482 634 ³P1V5.

300 745 411 819 Δ.
456 785 463 790 -
614 739 1170 821 ANTovas.
1199 756 1405 824 Ave.
1424 758 1643 824 rurs,
1668 759 1743 825 P.
1761 759 1838 826 Ρ.

613 851 761 915 TR.
800 851 871 914 Ρ.
916 854 1118 920 xlm.
1187 855 1390 939 Caput
1440 854 1789 920 laureatum
1814 901 1834 932 ,

612 947 711 1011 vel
748 949 1017 1026 nudum,
1063 953 1133 1015 iu
1170 952 1328 1018 AV.
1365 951 1516 1017 AR.
1546 952 1785 1021 AEJ.

304 1033 406 1108 Β.
612 1043 804 1109 ΙΜΡ.
854 1043 1098 1111 CAES.
1152 1047 1243 1115 T.
1285 1046 1488 1112 AEL.
1550 1046 1833 1110 HADR.

613 1141 1167 1209 ANTONINVS.
1230 1139 1440 1207 AVG.
1484 1142 1703 1207 1²le.
1758 1143 1834 1207 P.

613 1236 690 1299 P.
750 1239 954 1320 Caput
1003 1237 1349 1304 laureatum
1372 1285 1390 1315 ‚
1460 1240 1557 1301 vel
1581 1237 1837 1316 nudum,

620 1333 690 1395 in
723 1333 891 1409 AV.
931 1334 1081 1401 AR.
1121 1336 1272 1402 AE.
1310 1338 1372 1409 I.
1416 1335 1520 1400 II.

308 1620 513 1781 038.
546 1525 720 1690 111th
734 1525 1026 1688 tigrida
1048 1618 1255 1687 obviis
1291 1623 1476 1706 typi&
1527 1624 1674 1691 AV.
1693 1623 1836 1689 AR.

309 1724 373 1782 A
443 1767 461 1785 .
500 1722 555 1786 Ι.
1244 1773 1249 1778 -

894 1864 925 1898 Ι

326 1961 335 1968 .
627 1908 721 1976 Vt
761 1909 863 1975 tit.
891 1910 981 1976 A.

314 2006 799 2072 LAETITIA.
842 2005 1035 2070 COS.
1076 2005 1220 2071 1111.
1262 2005 1449 2072 Duae
1467 2005 1729 2094 figurae
1746 2016 1838 2071 to·

302 2115 553 2190 gatae,
604 2122 872 2188 quarum
916 2122 1042 2166 una
1092 2104 1152 2169 d.
1200 2102 1360 2169 duas
1379 2104 1591 2189 spicas
1644 2113 1840 2180 tenet,

314 2202 525 2266 altera
541 2200 791 2285 sinistra
815 2196 1092 2283 globum.
1116 2201 1266 2265 AV.
1288 2200 1349 2278 ⁸)
1378 2200 1451 2262 In
1469 2200 1651 2262 alio:
1691 2201 1837 2263 Mu·

311 2298 635 2382 lien-stans
666 2295 730 2361 d.
763 2295 1014 2381 spicas,
1046 2293 1108 2379 s.
1134 2315 1386 2378 pomum
1408 2343 1427 2371 ‚
1477 2297 1654 2381 cujus
1691 2315 1837 2380 gre·

312 2396 511 2458 mium
545 2391 784 2476 paessus
820 2389 1232 2474 amplectitur.
1294 2393 1437 2458 AV.
1488 2379 1546 2469 ¹²)

417 2486 772 2574 Ingeniosa
808 2486 897 2549 est
935 2485 1309 2572 explicatio
1358 2487 1441 2550 cl.
1500 2485 1839 2570 visconti,

319 2586 441 2672 qui
474 2585 544 2646 in
565 2602 772 2647 numo
806 2583 1032 2667 priore
1051 2580 1367 2653 Cererem
1400 2584 1611 2668 videt,
1662 2604 1840 2668 quae

312 2692 665 2767 repertam
708 2679 895 2763 apud
930 2676 1186 2741 inferos
1230 2679 1443 2744 filiam
1497 2680 1846 2767 Proserpi-

317 2798 481 2842 nam
511 2776 797 2838 reducit.
822 2772 881 2857 ο)
931 2772 1104 2836 Istud
1132 2775 1171 2836 si
1195 2797 1427 2840 verum
1455 2824 1474 2854 ,
1523 2777 1618 2855 id,
1658 2778 1841 2862 quod

316 2872 727 2957 Proserpina
778 2890 981 2933 manu
1042 2868 1289 2934 sinistra
1344 2870 1633 2958 flringit‚
1706 2893 1842 2936 non

319 2973 451 3034 erit
476 2968 742 3052 ,globus
766 3015 788 3049 ,
837 2979 912 3029 ut
944 2964 1154 3029 visum
1199 2967 1679 3048 Mediobarbo,
1731 2969 1840 3033 sed

316 3066 584 3130 malum
618 3063 978 3139 Punicum,
1032 3067 1217 3143 cujus
1254 3064 1395 3127 esus
1457 3065 1627 3129 deae
1664 3065 1841 3129 fata·

304 3162 411 3226 113
444 3160 622 3241 fuit,
690 3171 763 3222 ut
802 3157 1011 3222 refert
1064 3160 1354 3223 Ovidius
1371 3207 1391 3240 ,
1443 3151 1498 3238 ἦ)
1552 3162 1840 3247 essetque

318 3260 509 3323 adeo
554 3258 788 3340 imago
842 3254 1014 3318 haec
1068 3254 1414 3319 celebrata
1476 3256 1838 3322 Praxitelis

316 3372 691 3429 καταγεσα,
766 3353 1081 3415 nimirum
1130 3349 1334 3415 Ceres
1367 3353 1838 3439 Proserpinam

311 3450 413 3517 ab
451 3447 690 3514 inferis
717 3449 1087 3524 reducens,
1139 3444 1199 3530 e)
1248 3447 1478 3513 illustri
1508 3450 1661 3514 sane
1700 3452 1837 3515 lae·

3334 579 3415 631 21

1896 769 2022 828 ,ter
2071 758 2181 824 vir
2232 758 2534 821 eruditus
2591 749 2682 819 ad
2736 771 3015 821 numum
3090 747 3425 837 alterum,

1918 873 2121 938 quem
2158 874 2244 917 ex
2284 852 2744 917 Mediobarbo
2782 853 2982 932 dedi,
3032 849 3299 917 reflexit
3357 873 3428 916 a·-

1919 952 2199 1015 nimum.
2288 950 2364 1013 In
2400 950 2535 1014 hoc
2584 949 2765 1012 enim
2799 969 2936 1013 non
2975 949 3288 1014 mulieres
3326 947 3426 1012 bis-

1920 1065 2091 1124 nae,
2145 1047 2254 1110 sed
2289 1048 2528 1124 unica,
2607 1045 2912 1109 laetitiae
2971 1059 3201 1131 partes
3255 1041 3432 1107 ruffi-

1916 1157 2068 1221 net,
2123 1155 2190 1208 et
2229 1143 2504 1227 quidem
2554 1143 2696 1205 sola
2744 1154 3102 1226 utrumque
3166 1137 3433 1226 praese·-

1917 1257 2071 1304 rens
2104 1238 2549 1322 attributum,
2614 1238 2800 1321 quod
2835 1240 2905 1302 in
2958 1259 3164 1304 numo
3202 1236 3432 1322 priore

1920 1334 2096 1400 inter
2144 1347 2501 1419 utramque
2560 1335 2912 1398 mulierem
2967 1335 3254 1399 divisum
3298 1329 3428 1408 est,

1919 1427 2141 1516 spicas
2171 1430 2523 1518 intelligo,
2576 1443 2643 1495 et
2677 1449 2983 1515 pomum,
3035 1445 3221 1496 certo
3252 1429 3434 1492 adeo

1919 1528 2204 1607 indicio,
2240 1528 2421 1590 idem
2441 1529 2510 1592 in
2538 1540 2825 1612 utroque
2846 1547 3048 1592 numo
3076 1544 3434 1613 argumen-

1922 1635 2068 1704 tum
2109 1624 2479 1701 contineri,
2529 1643 2748 1707 neque
2770 1612 2969 1687 'aliud
2998 1624 3246 1688 docere
3289 1635 3464 1695 mu»,

1916 1718 2125 1783 lieres
2151 1719 2373 1803 binas,
2425 1720 2613 1785 aliud
2640 1719 3035 1786 solitariam.
3105 1718 3432 1789 Gravissi-

1924 1836 2033 1882 me
2090 1829 2321 1880 autem
2374 1816 2691 1903 peccavit
2765 1815 3088 1895 Oiselius,
3160 1817 3322 1881 dum
3363 1823 3436 1887 in

1926 1912 2275 1994 Antonini‘
2315 1912 2663 1977 consulatu
2706 1913 2863 1990 IV..
2934 1933 3135 1995 quem
3189 1934 3437 1984 numus

1920 2003 2262 2075 memorat
2288 2056 2308 2087 ,
2357 2010 2490 2074 huc
2532 2008 2763 2095 adegit
2792 2006 3176 2073 Faustinam
3225 2012 3436 2080 senio-

1921 2124 2102 2184 rem,
2157 2126 2333 2191 quae
2363 2106 2590 2191 plures
2621 2108 2763 2186 jam
2806 2116 2965 2169 ante
2992 2125 3209 2171 annos
3247 2111 3435 2175 vive-

1922 2222 1996 2265 re
2046 2201 2275 2279 desiit,
2353 2214 2422 2264 et
2474 2201 2749 2284 quidem
2818 2201 2907 2263 ad
2968 2206 3476 2287 argumentum'

1923 2297 2272 2371 Laetitiae,
2340 2299 2524 2377 cujus
2582 2296 2919 2359 memoria
2966 2295 3268 2374 tristitiae
3315 2321 3435 2387 po.

1925 2397 2058 2457 tius
2109 2392 2311 2455 causa
2358 2391 2485 2453 esse
2538 2389 2871 2455 debuerat
2926 2393 3172 2455 uxorio
3221 2398 3434 2462 Anto-

1924 2490 2110 2555 nin0.
2200 2485 2479 2550 Omissis
2522 2505 2684 2570 ergo
2723 2485 3031 2571 speciosis
3075 2487 3180 2552 his
3223 2493 3439 2576 expli·

1926 2584 2193 2650 catibus
2245 2582 2748 2667 acquiescamus
2812 2584 2881 2645 in
2942 2582 3220 2669 simplici
3274 2588 3435 2669 ino,

1928 2682 2044 2767 qui
2096 2692 2538 2767 procuratam
2590 2699 2676 2743 ex
2740 2680 2959 2744 omnis
3003 2685 3264 2766 generis
3296 2681 3434 2749 fru-

1928 2792 2155 2842 ctuum
2175 2776 2597 2841 abundantia
2620 2775 2954 2841 laetitiam
2980 2777 3085 2840 his
3106 2782 3291 2868 typis
3327 2783 3436 2846 in.

1927 2875 2141 2938 dicari
2187 2874 2448 2938 mavult
2471 2919 2491 2950 ,
2543 2892 2678 2957 quo
2714 2874 2922 2936 modo
2953 2874 3204 2941 Plinius
3228 2896 3435 2964 agens
3531 2875 3570 2888 '‘

1928 2972 2015 3034 de
2053 2970 2192 3032 Nili
2232 2971 2658 3033 incrementis
2692 2969 2867 3032 dixit
2897 2987 3192 3054 quoque,
3232 2972 3439 3043 XIV.

1925 3067 2134 3132 cubita
2161 3065 2542 3132 hilaritatem
2586 3066 2840 3152 adferre
2863 3112 2883 3143 ,
2933 3066 3096 3135 XV.
3128 3070 3437 3156 sicurita-

1927 3161 2079 3240 te‘m‚
2129 3162 2333 3228 XVI.
2390 3161 2656 3227 delicias.
2724 3159 2799 3244 ,8)
2884 3162 3076 3226 Alios
3130 3165 3436 3232 laetitiae
3528 3201 3532 3206 ·

1925 3272 2133 3343 typos
2167 3257 2486 3322 dabimus
2527 3256 2707 3322 infra
2742 3259 2812 3322 in
2853 3272 3146 3326 -moneta
3182 3261 3434 3329 Fausti-

1922 3359 2230 3435 naejun„
3001 3363 3005 3368 ’

2023 3452 2216 3517 Haec
2262 3452 2597 3532 Laetitia,
2662 3473 2838 3537 quae
2907 3472 3082 3519 nunc
3123 3447 3436 3541 'primum

306 3549 525 3612 titiae
552 3557 983 3630 argumento,
1034 3546 1308 3628 quando
1346 3546 1546 3609 matri
1577 3547 1839 3610 contin..
1925 3549 1992 3612 in
2024 3549 2246 3611 numis
2294 3550 2626 3625 occurrit,
2665 3540 3065 3632 frequenter
3117 3551 3441 3637 deinceps

313 3664 485 3730 gere
532 3641 778 3704 laetius
840 3639 1011 3702 nihil
1075 3638 1327 3725 potest,
1402 3661 1607 3725 quam
1651 3664 1839 3726 repe·
1929 3658 2245 3706 monetae
2294 3643 2709 3719 inscribitur,
2771 3657 2838 3706 et
2889 3645 3098 3707 variis
3157 3648 3434 3730 quidem

306 3743 457 3805 rire
503 3736 715 3814 filiam
756 3748 1067 3820 raptam,
1124 3749 1193 3798 et
1226 3738 1591 3801 retrahere.
1660 3739 1839 3801 Alte·
1932 3739 2183 3801 additis
2225 3739 2657 3817 nominibus,
2709 3759 2778 3803 v,
2836 3759 2891 3804 c.
2947 3740 3219 3809 Laetitia
3260 3743 3436 3832 Aug.

319 3856 405 3899 ra
462 3833 789 3897 sententia
836 3831 988 3922 fuit⁴
1018 3831 1287 3911 Oiselii,
1377 3830 1841 3913 existimantiS‚
1929 3869 2027 3882 --
2085 3836 2493 3921 Temporum,
2545 3870 2642 3887 —·-
2693 3835 2950 3903 Publica
2993 3871 3091 3885 --
3144 3842 3446 3909 Fundata

316 3929 674 4013 utriusque
705 3928 1003 3991 mulieris
1039 3928 1333 4014 imagine
1386 3932 1674 4015 proponi
1726 3932 1842 3994 du·
1933 3944 2059 3993 etc.
2114 3953 2331 4018 neque
2378 3930 2674 3996 dubitari
2725 3933 2980 4018 potest,
3057 3936 3322 4020 publice
3375 3941 3442 4006 ei

316 4048 403 4093 as
424 4023 779 4089 Faustinas
819 4023 1185 4108 Augustas,
1238 4040 1307 4090 et
1342 4026 1668 4089 seniorem
1701 4029 1845 4113 qui·
1933 4026 2290 4092 constituta
2323 4027 2514 4101 fuisse
2551 4029 2777 4112 sacra,
2831 4032 3064 4113 qualia
3108 4027 3296 4097 facta
3333 4031 3444 4099 fu·-

322 4125 482 4188 dem
536 4117 739 4185 instar
788 4118 1056 4183 Cereris
1120 4141 1271 4184 cum
1339 4123 1576 4206 spicia,
1624 4126 1841 4204 junio·
1930 4125 2045 4187 isse
2099 4126 2511 4190 Iucunditati
2541 4125 2825 4211 legimus
2877 4128 2946 4190 in
2985 4141 3214 4193 vetere
3262 4147 3436 4197 mar—

314 4239 465 4284 rem
487 4215 991 4285 instas-Veneris
1015 4237 1167 4280 cum
1193 4217 1555 4304 pomosuo.
1588 4206 1641 4304 f)
1665 4221 1848 4285 Neu·
1927 4241 2157 4287 more:
2208 4213 2277 4307 ¹²)

392 4496 450 4551 a)
492 4491 712 4577 Triflan
744 4474 1055 4553 Commeat.
1091 4499 1209 4560 hist.
1246 4501 1317 4558 T.
1355 4501 1402 4553 1.
1437 4498 1519 4570 pl.
1555 4500 1691 4560 ΧΠ.
1730 4499 1909 4563 Catal.
1945 4500 2246 4576 d’Enn‘ery
2280 4524 2343 4578 p.
2381 4516 2502 4568 208.
2543 4505 2796 4568 Mediob.

306 4564 365 4623 e)
409 4560 564 4614 Mus.
596 4561 718 4617 1³10.
757 4563 932 4618 Clem-
973 4568 1141 4630 Tom,
1176 4571 1228 4630 Ι.
1265 4588 1323 4642 p.
1360 4584 1444 4638 95.
1643 4568 1704 4640 d)
1744 4570 1976 4625 Metam.
2015 4574 2080 4634 L,
2118 4575 2195 4635 V,
2233 4594 2285 4633 v,
2322 4590 2447 4647 533,
2487 4574 2594 4647 sequ

312 4649 380 4704 P·
419 4646 553 4702 9⁵8·
700 4630 763 4698 o
800 4632 969 4691 ThOso
1008 4634 1100 4701 rel,
1133 4656 1288 4696 num·
1322 4657 1382 4714 Po
1416 4654 1538 4708 33⁷·
1729 4641 1785 4710 ὅ)
1825 4640 1954 4706 Hm,
1992 4654 2109 4705 Mt,
2146 4644 2215 4707 L,
2251 4645 2325 4700 v·
2363 4643 2416 4717 ς.
2459 4655 2544 4705 10.

3088 4507 3141 4574 b)
3183 4507 3436 4569 Mediob-

2787 4577 2839 4641 e)
2879 4575 3024 4634 Plin.
3060 4577 3126 4630 L.
3167 4576 3439 4631 XXXIV.

2735 4644 2797 4716 h)
2836 4644 2982 4708 Mur.
3003 4641 3209 4700 Veton‘.
3239 4664 3298 4720 p,
3321 4660 3443 4717 ¹77.
3507 4663 3516 4672 ·
