4242 5459
939 646 1074 715 412

940 829 1219 916 imperio.
1279 828 1491 915 Quare
1531 831 1776 890 creatus
1811 838 1927 906 per
1967 817 2280 906 quandam
2325 836 2457 885 mu-

938 924 1179 1002 lierem,
1233 918 1809 989 GALLIENAM
1824 919 2061 981 nomine
2079 961 2104 993 ,
2155 912 2456 1002 consobri-

936 1040 1083 1087 nam
1152 1016 1414 1085 GaHiaeni
1433 1058 1453 1095 ς
1506 1019 1767 1103 septimo
1822 1015 2066 1096 imperis·
2107 1013 2207 1077 die
2264 1015 2456 1077 inter·

941 1126 1178 1203 emptus
1210 1118 1304 1203 est.
1358 1114 1459 1177 Ex
1481 1113 1583 1176 his
1607 1110 1832 1175 verbis
1857 1109 2075 1193 arguit
2098 1110 2208 1186 vir
2230 1108 2459 1172 erudi·

941 1227 1089 1290 tuS,
1161 1232 1297 1275 non
1332 1211 1678 1295 indignam
1738 1203 1928 1268 fuisse
1987 1204 2166 1269 hanc
2208 1202 2457 1267 Gallie-

937 1330 1142 1385 nam,
1197 1328 1371 1392 quae
1428 1299 1755 1389 Augustae
1810 1301 2006 1364 titulo
2062 1311 2457 1379 ornaretur,

939 1404 1135 1469 caeso
1192 1404 1319 1473 suis
1364 1399 1651 1464 consiliis
1690 1410 2019 1481 tyranno,
2071 1408 2142 1459 et
2177 1415 2460 1459 revoca·

936 1503 1023 1563 tis
1067 1503 1151 1564 ad
1194 1498 1396 1562 fidem
1452 1493 1661 1558 Afris.
1715 1499 2132 1577 Argumenta
2170 1491 2458 1573 reliqua,

941 1596 1184 1680 quibus
1240 1594 1414 1658 alias
1492 1590 1673 1654 numi
1757 1588 1951 1670 hujus
2019 1585 2459 1651 difficultates

936 1692 1204 1755 mollire
1245 1702 1567 1764 conatur,
1619 1699 1760 1748 tam
1811 1685 1954 1747 sunt
2007 1680 2323 1761 infirma,
2375 1702 2460 1746 ac

933 1787 1289 1862 taediosa,
1363 1797 1434 1847 ut
1498 1781 1681 1844 nulla
1739 1786 2004 1860 jactura
2059 1779 2306 1863 possim
2372 1778 2457 1841 iis

936 1880 1559 1959 commemorandis
1593 1874 1943 1942 abstinere.
2023 1876 2198 1937 Vide
2235 1887 2454 1939 totam

937 1978 1115 2041 hanc
1152 1978 1333 2039 litem
1362 1974 1633 2061 copiose
1663 1973 2071 2059 disputatam
2100 1976 2168 2035 in
2202 1971 2455 2034 Electis

935 2072 1382 2138 Woltereckii
1423 2092 1580 2158 pag.
1631 2074 1719 2144 68
1748 2117 1767 2147 ,
1820 2071 1928 2133 cui
1972 2068 2152 2131 adde
2188 2066 2454 2149 sequen·

934 2181 1070 2232 tem
1123 2172 1433 2254 proxime
1493 2163 1844 2254 epistolam
1892 2163 2217 2229 Gallandi
2265 2165 2456 2250 super

930 2265 1174 2329 eodem
1228 2278 1650 2352 argumento.

1027 2360 1406 2426 Postremus
1433 2358 1959 2443 Barthelemyus
2000 2358 2297 2424 omnium
2332 2357 2453 2420 ho·

927 2478 1079 2522 rum
1126 2456 1487 2521 sententias
1550 2458 1620 2520 in
1671 2477 1960 2521 examen
2008 2472 2343 2520 revocans
2384 2450 2450 2532 ⁸)

2110 588 2919 703 GALLIENVS.

2543 816 2936 895 Victoriae,
2995 821 3107 903 qui
3155 833 3330 885 certe
3373 820 3437 883 in
3472 816 3865 903 ignominiam
3885 832 3975 882 tra-

2543 912 2615 977 hi
2657 933 2789 977 non
2827 913 3062 1001 potest.
3158 916 3522 982 Concludit
3568 916 3860 999 denique,
3897 934 3976 997 po·

2539 1013 2782 1075 tiorem
2805 1010 2920 1076 sibi
2941 1012 3153 1076 videri
3177 1014 3563 1077 senteutiam
3597 1010 3975 1086 Vallemontii‚

2544 1111 3003 1187 autumantiS,
3089 1129 3173 1173 ea
3220 1110 3643 1194 inscriptione
3701 1094 3975 1191 lignificati

2542 1198 2868 1267 feminam
2928 1207 3144 1290 gentis
3198 1204 3548 1290 Augustae.
3647 1204 3728 1266 Et
3771 1203 3974 1285 quidem

2546 1313 2816 1384 praeter
2841 1298 3285 1366 testimonium
3322 1296 3647 1367 Trebellii
3677 1349 3692 1364 .
3741 1300 3838 1382 qui
3865 1297 3972 1358 loco

2547 1396 2749 1457 altius
2793 1396 3093 1462 indicato
3133 1398 3369 1462 diserte
3415 1398 3750 1463 Gallienae
3790 1391 3975 1456 Gallie·

2545 1492 2613 1553 ni
2667 1492 3106 1556 consobrinae
3159 1497 3504 1575 meminit,
3591 1501 3968 1577 argumentum

2543 1583 2642 1648 illi
2681 1588 3171 1652 validissimum
3238 1590 3531 1676 praestat
3579 1606 3793 1652 numus
3850 1586 3968 1662 ejus-

2544 1682 2737 1759 dem,
2791 1696 2864 1747 ut
2912 1687 3244 1767 conjicere
3294 1687 3496 1765 licet,
3547 1685 3851 1757 feminae,
3889 1678 3968 1761 qui

2543 1775 2755 1841 exstat
2806 1779 3180 1845 delineatus
3233 1785 3301 1846 in
3350 1803 3559 1868 opere
3602 1783 3736 1846 MS.
3786 1772 3969 1843 Goltzii

2539 1874 2606 1936 in
2653 1874 2949 1938 museum
2983 1877 3425 1964 praefidentis
3476 1881 3559 1944 de
3599 1878 3777 1944 Cotte
3812 1888 3967 1937 trans-

2543 1968 2687 2032 lato
2718 2017 2740 2053 2
2791 1975 3108 2057 cujusque
3152 1973 3348 2038 nobis
3389 1977 3600 2061 ipsam
3645 1978 3862 2040 iconem
3886 1988 3964 2032 ex·

2538 2063 2748 2130 hibet.
2798 2066 2905 2130 Est
2946 2090 3109 2132 vero
3146 2072 3303 2133 talis
3337 2095 3355 2136 ε

2832 2163 3096 2231 LICIN.
3137 2163 3622 2233 GALLIENA.
3649 2164 3825 2233 AVG.
3857 2162 3968 2248 Ejus

2827 2271 3013 2344 caput
3042 2261 3221 2326 tunae
3256 2267 3621 2355 impositum.

2538 2355 2884 2421 PIETAS.
2953 2357 3412 2426 AVGVSTA.
3514 2361 3737 2426 Mulier
3791 2357 3969 2442 sum

2538 2454 2626 2518 ad
2646 2452 2905 2519 medium
2922 2475 3114 2539 usque
3140 2476 3365 2540 corpus
3394 2461 3742 2545 nudastans
3757 2456 3827 2520 ad
3840 2470 3966 2518 arm

927 2548 1245 2639 negavit,
1326 2572 1608 2634 numoS,
1681 2556 1796 2637 qui
1859 2554 2016 2616 hinc
2072 2546 2448 2615 GALLIE·
2516 2551 2790 2639 suffimen
2825 2572 2979 2641 arar
3012 2554 3251 2635 ignitae
3286 2556 3570 2639 imponit.
3624 2554 3748 2618 ΑΕ.
3786 2551 3854 2616 11.

928 2650 1135 2717 NAE.
1224 2647 1753 2727 AVGVSTAE,
1843 2650 2027 2713 illinc
2083 2644 2450 2727 VBIQVE.

842 2795 847 2801 -
927 2744 1599 2821 PAXinscribuntur,
1657 2745 2078 2810 derivandae
2109 2744 2178 2804 in
2199 2738 2448 2803 Gallie-

923 2864 1086 2906 num
1150 2841 1566 2927 ignominiae
1624 2839 1823 2904 causa
1894 2838 2183 2924 signatos
2237 2833 2449 2899 fuisse.

928 2937 1133 3001 Certe
1177 2935 1365 2996 illam
1414 2955 1846 3018 nequaquam
1888 2934 2170 3018 probari
2230 2930 2448 2994 inscri-

925 3035 1161 3120 ptione
1215 3028 1490 3092 aversae
1550 3028 1915 3111 VBIQVE.
1977 3026 2178 3092 PAX.
2268 3026 2445 3089 Nam

925 3128 1037 3193 etli
1106 3141 1550 3210 tyrannorum
1604 3125 2040 3190 seditionibus
2100 3123 2446 3188 turbatum

924 3229 1064 3308 ejus
1102 3223 1259 3288 ess'et
1292 3222 1692 3310 imperium,
1744 3220 1936 3286 fuere
1976 3233 2205 3289 tamen
2239 3221 2445 3283 etiam

920 3324 1113 3409 pacis
1192 3318 1598 3395 intervalla3
1696 3320 1859 3406 quid
1935 3317 2119 3403 quod
2191 3316 2447 3380 nemini

920 3422 1228 3505 ignotum
1274 3417 1400 3479 esse
1456 3410 1711 3501 potest,
1781 3413 2246 3500 inscriptiones
2278 3433 2443 3498 per-

917 3516 1115 3602 saepe
1159 3515 1248 3579 ab
1305 3534 1441 3577 una
1484 3512 1880 3578 adulatione
1910 3560 1929 3590 ‚
2012 3510 2199 3574 nullo
2258 3511 2442 3596 igno-

919 3613 1175 3677 miniae
1222 3610 1497 3674 consilio
1552 3609 1744 3672 fuiss'e
1792 3610 2121 3685 dictatas»,
2196 3607 2443 3669 multas

919 3708 1171 3770 nonnili
1211 3707 1477 3792 piorum
1511 3718 1829 3769 votorum
1857 3707 2190 3770 rationem
2229 3701 2443 3767 habe-

910 3820 1013 3863 re.
1066 3800 1721 3879 Manifestiusistud‚
1775 3801 1915 3884 ait,
1963 3820 2301 3886 apparere
2357 3819 2441 3861 ex

915 3916 1125 3960 numo
1171 3897 1310 3958 alio
1335 3916 1488 3959 cum
1523 3898 1764 3960 eadem
1810 3896 2084 3972 aversa,
2136 3897 2203 3958 in
2256 3897 2441 3975 cujus

919 4004 1147 4055 tamen
1185 4005 1376 4074 parte
1411 3992 1643 4055 antica
1683 3990 1767 4056 est
1789 3990 2050 4055 solitum
2078 3989 2440 4055 GALLIE·

918 4086 1117 4165 NVS,
1170 4105 1369 4170 quem
1414 4086 1570 4151 loco
1607 4086 1693 4153 11.
1733 4087 2064 4150 dedimus.
2120 4087 2443 4170 Quinimo

922 4181 1179 4247 exstare
1233 4199 1551 4261 numum,
1624 4201 1825 4264 quem
1863 4184 2021 4247 vide
2069 4183 2226 4247 loco
2272 4180 2441 4262 111.,

891 4281 990 4365 ‘in
1034 4282 1217 4360 cujus
1263 4278 1428 4341 item
1491 4277 1720 4338 antica
1784 4276 2026 4360 legitur
2080 4276 2444 4343 GALLIE-

870 4384 889 4391 “
921 4376 1126 4441 NAE.
1177 4369 1699 4452 AVGVSTAE,
1751 4381 1937 4450 cujus
1986 4386 2217 4438 tamen
2254 4394 2445 4438 aver·

924 4470 994 4535 sa
1054 4483 1292 4556 typum
1347 4467 1555 4532 habet
1604 4465 2010 4550 simplicem,
2078 4473 2444 4555 tritumque

2632 2647 2729 2707 En
2767 2645 2891 2709 tibi
2934 2648 3233 2710 virorum
3272 2649 3621 2714 illustrium
3660 2651 3736 2712 de
3766 2642 3968 2730 lingula·

2535 2739 2720 2803 ribus
2753 2740 2859 2803 his
2896 2743 3117 2806 numis
3144 2744 3437 2826 judicia,
3503 2765 3770 2830 quorum
3830 2739 3972 2824 fingu-

2536 2834 2603 2898 la
2646 2835 2905 2922 aliquid
2946 2837 3242 2916 habent,
3295 2844 3490 2924 quod
3529 2842 3822 2906 morofius
3857 2836 3971 2899 anti·

2539 2934 2934 3014 quatiorurn
2964 2933 3270 3018 palatum
3307 2940 3458 3016 jure
3501 2940 3701 3025 possit
3726 2933 3971 3001 fastidite.

2536 3028 2641 3091 De
2702 3030 3038 3093 Harduini
3091 3032 3424 3096 sententia
3495 3036 3702 3098 nullus
3755 3028 3973 3115 ampliu-‘v

2535 3125 2702 3188 mihi
2739 3125 2993 3206 sermo,
3047 3128 3159 3210 qui
3205 3128 3339 3211 ipse
3375 3133 3648 3194 causam
3704 3131 3856 3193 suam
3889 3122 3976 3184 de·

2532 3220 2749 3287 seruit.
2802 3223 3243 3287 Vallemontii
3274 3223 3595 3291 doctrina
3630 3240 3867 3291 eatenus
3892 3217 3972 3280 sal·

2529 3330 2669 3381 tem
2713 3318 3015 3403 aliquam
3060 3318 3269 3389 habet
3307 3324 3455 3385 veri
3510 3324 3814 3410 speciem,
3856 3331 3969 3401 qua·

2529 3426 2724 3478 tenus
2757 3415 3086 3480 Trebellii
3134 3414 3555 3504 testimonio,
3607 3423 3971 3502 cujuscunque

2528 3510 2696 3574 illud
2764 3514 3189 3576 auctoritatis
3261 3527 3578 3597 putemus
3606 3565 3625 3594 ‚
3716 3512 3970 3577 feminam

2532 3602 2912 3671 Gallienam
2953 3610 3393 3673 memorantis
3427 3614 3678 3678 nititur.
3731 3616 3804 3676 At
3845 3604 3969 3667 enim

2534 3707 2888 3767 cordatum
2938 3707 3244 3790 quemvis
3290 3722 3622 3792 perpetuo
3660 3698 3972 3773 vellicabit·

2530 3802 2715 3882 quod
2754 3804 2893 3881 ejus
2937 3820 3182 3864 nomen
3215 3803 3516 3868 mulieris
3552 3804 3835 3889 scriptum
3861 3791 3972 3876 legi·

2530 3907 2636 3960 tur
2664 3901 2860 3980 juxta
2897 3908 3101 3980 caput
3134 3917 3268 3960 non
3315 3900 3501 3963 suum
3528 3950 3549 3979 ,
3602 3900 3701 3963 sed
3744 3898 3976 3961 alienum

2531 3988 2859 4073 Gallieni,
2912 3997 3096 4076 cujus
3141 3994 3413 4080 quidem
3471 3996 3732 4061 instituti
3781 3987 3976 4056 nullum

2528 4103 2759 4175 putem
2821 4091 3160 4174 ingenium
3238 4091 3660 4156 verisimilem
3735 4088 3978 4170 aliqu-³1¹n

2532 4185 2799 4249 causam
2843 4186 3026 4269 posse
3064 4186 3507 4272 suppeditare.
3595 4188 3817 4271 Neque
3861 4193 3976 4266 pro·

2529 4277 2714 4343 fecto
2751 4280 3051 4363 aliquam
3088 4285 3385 4368 reperire
3437 4286 3653 4370 potuit
3699 4271 3977 4345 Bartbele·

2530 4395 2775 4457 myus‚
2829 4390 3106 4442 coactus
3175 4380 3520 4458 confiteri,
3590 4380 3825 4444 nullum
3874 4364 3978 4451 qul·

2530 4469 2681 4534 dem
2721 4473 3107 4558 exemplum
3158 4477 3359 4561 plane
3401 4477 3600 4543 simile
3649 4477 3712 4539 in
3757 4472 3975 4535 ηιοῑιοῑὸ

922 4592 3964 4638 ———-——-——·-——————-—————-—-—--——--——-—-···‘

993 4686 1050 4751 a)
1089 4682 1263 4737 Mem.
1301 4674 1365 4734 B.
1403 4679 1470 4733 L.
1508 4680 1579 4737 T.
1615 4679 1834 4736 xxvl.
1869 4696 1926 4752 p.
1958 4694 2084 4752 5⁵¹·
