4242 5459
867 582 959 662 36

860 788 1109 833 annum
1151 767 1398 836 differt.
1451 764 1583 830 Sed
1639 784 1718 826 en
1756 781 2037 826 numum
2100 756 2373 844 lingula·

864 887 1047 950 rem,
1101 870 1211 948 qui
1247 863 1609 929 sententiae
1643 861 1797 922 hu'ic
1833 868 2189 942 repugnat,

1147 956 1701 1027 ANTONINVS.
1729 951 2177 1018 AVG.P1VS.
2195 952 2270 1016 P.
2294 951 2375 1022 P,

1152 1060 1341 1121 IMP.
1379 1054 1570 1124 COS.
1624 1053 1822 1137 Caput
1854 1047 2105 1114 nudum.
2197 1055 2204 1062 '

860 1166 1014 1230 Sine
1052 1150 1440 1242 Epigrophe.
1524 1148 1757 1213 Mulier
1802 1142 2051 1231 grypho
2097 1143 2376 1209 currenti

857 1257 1138 1345 insidens·
1194 1251 1328 1315 ΛΕ.
1365 1266 1548 1311 max.
1598 1244 1781 1306 mod.
2324 1333 2340 1347 .

954 1356 1245 1417 Numum
1280 1346 1454 1424 hunc
1476 1340 1830 1424 Vignolius
1873 1356 1960 1400 ex
2002 1333 2229 1399 museo
2263 1333 2370 1395 Fi·

857 1451 1119 1518 coronii
1155 1443 1566 1507 delineatum
1614 1433 1802 1511 stitit,
1871 1430 1940 1517 ⁸)
1992 1433 2108 1515 qui
2155 1428 2200 1491 fi
2254 1427 2369 1491 fin.

858 1567 1048 1616 cerus
1088 1539 1171 1606 ess
1199 1589 1215 1616 ,
1270 1551 1389 1600 aut
1430 1536 1552 1596 rite
1592 1530 2056 1616 promulgatus
2083 1574 2101 1604 ,
2173 1524 2367 1611 liqui·

840 1648 946 1709 do
980 1636 1340 1728 probabit,
1394 1630 1798 1695 Antoninum
1835 1628 1972 1707 jam
2019 1626 2086 1686 in
2138 1619 2367 1686 consu-

853 1748 995 1808 latu
1035 1741 1129 1814 1.‚
1183 1746 1388 1813 atque
1421 1727 1598 1789 adeo
1635 1742 1813 1787 anno
1848 1723 1926 1787 V.
1950 1719 2029 1787 C.
2075 1732 2204 1801 89¹
2246 1736 2366 1804 pa·

851 1842 970 1903 tris
1008 1833 1271 1920 patriae
1307 1826 1513 1887 decus
1558 1818 1911 1903 suscepisse.
2006 1815 2136 1877 Sed
2176 1832 2368 1897 prae·

850 1947 1159 2014 ter-quam
1205 1921 1387 2007 quod
1417 1934 1654 1980 omnes
1690 1915 1803 1976 alii
1825 1962 1844 1991 ‚
1891 1930 1971 1976 ac
2002 1923 2106 1972 tot
2140 1910 2363 1971 hacte-

853 2049 976 2093 nus
1012 2021 1261 2110 reperti
1300 2016 1484 2079 numi
1521 2022 1938 2096 repugnant,
2016 2006 2132 2088 qni
2188 2004 2363 2067 hunc

852 2123 1119 2189 titulum
1168 2120 1234 2180 in
1280 2109 1625 2196 consulatu
1666 2107 1717 2170 1.
1754 2102 2132 2168 constanter
2164 2100 2360 2163 omit·

852 2232 1040 2297 tunt,
1086 2214 1235 2301 ipsa
1268 2207 1514 2291 capitis
1555 2200 1923 2287 epigraphe
1966 2217 2097 2261 non
2141 2196 2361 2259 levem

851 2330 970 2385 aut
1010 2315 1290 2387 voSstccg,
1344 2313 1463 2367 aut
1493 2299 1701 2363 falsae
1740 2296 2046 2359 lectionis
2094 2292 2362 2376 suspici..

849 2431 1047 2482 onem
1091 2406 1344 2488 injicit,
1398 2399 1503 2461 cui
1542 2394 1767 2457 similis
1809 2395 1872 2455 in
1909 2390 2093 2454 nullo
2140 2388 2363 2450 omni-

838 2531 959 2576 um
1026 2519 1355 2569 annorum
1425 2492 1747 2557 Antonini
1797 2506 2041 2562 num0,
2115 2484 2360 2547 nedum

852 2602 1230 2673 consulatus
1252 2597 1302 2658 Ι.
1337 2591 1650 2655 occurrit.
1703 2585 1881 2647 Satis
1923 2580 2188 2653 causae,
2243 2599 2360 2641 cur

849 2720 1032 2767 novo
1076 2689 1374 2758 examini
1400 2701 1646 2747 numus
1677 2681 1784 2742 hic
1809 2727 1828 2752 ,
1884 2679 1922 2739 ii
1966 2675 2215 2738 alicubi
2247 2694 2358 2735 ex·

852 2797 1007 2872 ssat,
1061 2797 1399 2853 mereatur
1440 2775 1698 2857 subjici.
1783 2775 1965 2837 Sitne
2018 2770 2358 2846 QcconiS,

848 2895 1027 2957 hunc
1066 2886 1392 2947 honorem
1430 2879 1567 2958 jam
1595 2871 1814 2954 primo
1854 2871 1989 2949 ejus
2029 2885 2206 2928 anno
2243 2865 2359 2927 ad-

833 2984 1196 3071 fingent-ie,
1248 2972 1621 3037 auctoritas
1672 2967 1880 3040 tanti,
1928 2974 2006 3024 ut
2054 2966 2192 3039 ejus
2230 2961 2361 3022 sen-

851 3083 1101 3147 tentiae
1138 3064 1677 3135 ‘subscribendam
1720 3061 2040 3126 continuo
2083 3058 2193 3135 sit,
2246 3056 2364 3119 alii

846 3179 1160 3242 viderint.

1495 3358 1554 3421 P
1569 3357 1592 3417 i
1609 3375 1648 3442 ις
1665 3376 1717 3419 s.

942 3563 1134 3629 Alias
1160 3556 1275 3621 alii
1294 3573 1377 3616 ex
1398 3544 1827 3634 scriptoribus
1850 3540 2193 3607 veteribus
2222 3536 2359 3600 col-

846 3664 965 3725 lati
1001 3660 1190 3734 buius
1223 3649 1402 3714 tituli
1446 3643 1678 3709 causas
1719 3638 2074 3714 adferunt,
2127 3648 2194 3699 et
2222 3647 2359 3697 tres

849 3757 1119 3838 quidem
1177 3747 1292 3809 vel
1365 3763 1533 3804 unus
1568 3737 2029 3821 Spartianus,
2107 3722 2172 3812 Ι’)
2228 3730 2367 3793 sive

847 3849 1030 3932 quod
1070 3845 1368 3907 socerum
1406 3835 1639 3904 fessum
1681 3841 1906 3893 aetate
1952 3849 2157 3892 manu
2216 3826 2354 3889 sub·

847 3942 1104 4008 levavit
1143 3936 1300 4014 ‚sive
1364 3930 1547 4015 quod
1598 3926 1845 3988 r'nuitos
1880 3923 2217 3987 senatores
2263 3923 2354 3986 ab

846 4037 1203 4103 Hadriano
1244 4031 1312 4092 in
1356 4039 1659 4090 extrema
1701 4020 2091 4084 valetudine
2130 4019 2218 4081 ad
2244 4037 2351 4080 ne·

842 4155 993 4200 cem
1034 4126 1366 4210 quaesitos
1397 4115 1841 4199 hujusfurori
1891 4114 2249 4198 eripuisset,
2286 4111 2354 4173 si·

843 4252 929 4292 ve
981 4225 1159 4312 quod
1215 4220 1566 4283 Hadriano
1603 4208 1745 4297 post
1779 4210 2356 4289 excessumingen·

841 4339 941 4389 tes
962 4325 1254 4387 honores
1281 4313 1538 4378 detulit.
1594 4308 1789 4390 Quae
1812 4307 2080 4389 quidem
2111 4299 2360 4388 possre-
2425 4301 2432 4306 ’

1806 559 2606 678 'ANTONINVS
2710 558 3015 668 Plys.

3541 651 3576 665 —

2465 779 2578 823 ma
2609 761 2814 824 causa
2844 777 2981 821 una
3008 777 3095 821 ex
3119 757 3503 844 potioribus
3526 757 3767 836 fuerit3
3821 783 3968 826 nam

2461 856 2672 940 ipsum
2729 865 3072 920 certamen
3154 854 3691 938 quinquennale,
3794 860 3972 939 quod

2462 953 2643 1015 idem
2679 950 3076 1037 Spartianus
3114 949 3205 1013 ab
3244 951 3586 1013 Antonino
3636 952 3702 1014 in
3765 952 3968 1016 hono-

2461 1067 2603 1109 rem
2641 1049 2857 1132 patris
2909 1047 3156 1108 mortui
3210 1045 3513 1109 Puteolis
3550 1045 3966 1112 constitutum

2463 1141 2711 1220 refert,
2762 1149 2818 1219 Φ)
2869 1141 3089 1206 Biatia
3133 1142 3385 1203 dictum
3444 1138 3572 1220 est,
3626 1155 3699 1205 ut
3743 1147 3968 1229 prodit
4047 1207 4052 1214 ,

2460 1240 2932 1304 Artemidorus
2959 1283 2978 1312 ,
3034 1239 3145 1321 qui
3189 1249 3528 1300 memorat
3562 1234 3809 1303 σταδιεα
3833 1285 3853 1319 ,
3904 1233 3967 1320 ὸς

2417 1321 2426 1330 “
2453 1337 2678 1417 μελων
2710 1326 3105 1412 &remae-9011
3138 1332 3585 1397 ΕΤΣΕΒΕῙΑ
3623 1355 3702 1398 τα
3736 1335 3796 1398 εἰν
3830 1340 3963 1399 [ται

2456 1434 2561 1510 λιᾳ
2596 1423 2871 1512 ἀχθεντα
2906 1420 3016 1492 ὑπο
3051 1432 3350 1506 Βασιλεως
3402 1434 3692 1495 Αντωνινυ
3738 1431 3828 1495 ἐπι
3877 1452 3962 1511 τῳ

2455 1545 2623 1607 πατρι
2645 1526 2942 1609 Αδριοςνῳ,
2980 1535 3370 1599 certatorem,
3387 1529 3498 1611 qui
3528 1525 3965 1615 progr-effarier

2447 1615 2588 1686 era‘t
2603 1624 2669 1687 in
2687 1625 2790 1688 ΡΙ
2787 1615 2960 1687 AL!
2959 1623 3018 1684 Β
3030 1620 3168 1693 VS.
3183 1624 3419 1706 quaein
3440 1623 3640 1688 Italia
3663 1621 3743 1687 ab
3779 1627 3963 1707 impe·

2450 1728 2670 1783 rmore
2702 1718 3029 1784 Antonino
3043 1717 3119 1779 in
3133 1714 3424 1781 honorem
3445 1722 3661 1803 patris
3680 1718 3963 1785 Hadm‘a·

2451 1817 2519 1877 m‘
2558 1815 2907 1900 actasant,
2940 1803 3003 1893 ὅ)
3065 1832 3241 1896 quae
3269 1813 3412 1896 ipsa
3458 1817 3525 1877 in
3564 1815 3738 1878 binis
3777 1836 3963 1879 mar.

2451 1910 2754 1973 moribus
2794 1911 2980 1993 apud
3031 1910 3483 1973 Muratorium
3541 1909 3601 1990 Β)
3653 1911 3962 1975 dicuntur

2448 2007 2919 2071 ΕΤΣΕΒΕΙΑ.
2961 2008 3106 2072 ΕΝ.
3148 2005 3695 2090 ΠΟΤΙΟΛΟΙΣ,
3751 2009 3963 2073 Ρὶαἰία

2452 2101 2747 2166 Puteolis.
2799 2101 3095 2165 Easdem
3133 2100 3365 2164 collati
3411 2102 3551 2183 ejus
3579 2103 3761 2166 tituli
3800 2124 3959 2167 cau-

2447 2197 2589 2275 sas,
2644 2215 2814 2281 quas
2849 2205 2934 2260 ‘ex
2975 2196 3338 2284 Spartiano
3361 2198 3717 2276 dedimus,
3771 2205 3963 2284 repe·

2447 2294 2530 2357 tit
2551 2293 3016 2378 Capitolinus,
3069 2282 3122 2374 f)
3176 2292 3501 2377 additque
3536 2294 3730 2358 binas
3758 2296 3959 2370 aliaS,

2448 2389 2559 2452 vel
2579 2389 2762 2474 quod
2790 2390 3240 2460 Hadrianum,
3294 2408 3446 2449 cum
3484 2390 3539 2452 is
3573 2391 3962 2455 interimere

2448 2485 2510 2550 se
2565 2504 2731 2570 prae
2781 2486 2963 2547 vitae
3027 2485 3256 2548 taedio
3316 2498 3626 2568 pararet,
3706 2489 3962 2571 ingenti

2443 2578 2746 2644 custodia
2769 2579 2977 2665 sepsit,
3030 2602 3111 2644 ne
3137 2578 3463 2666 perficere
3502 2583 3737 2667 posset,
3772 2583 3964 2666 quod

2444 2677 2673 2739 animo
2725 2689 3166 2762 conceperat,
3235 2675 3342 2737 vel
3386 2678 3716 2761 denique,
3770 2679 3962 2761 quod

2441 2790 2603 2833 vere
2626 2781 2869 2833 natura
2898 2771 3473 2853 clementissimus,
3507 2785 3574 2836 et
3594 2773 3761 2836 nihil
3792 2787 3962 2837 tem·

2442 2864 2723 2951 poribus
2773 2866 2897 2929 suis
2957 2867 3260 2951 asperum
3314 2865 3502 2940 fecit,
3610 2869 3991 2934 Postrema„

2446 2963 2618 3025 haec
2660 2962 2858 3025 causa
2891 2963 3183 3045 probata
3226 2961 3352 3024 fuit
3383 2965 3482 3030 M.
3538 2966 3856 3042 Aurelio,
3897 2970 3965 3030 in

2450 3056 2730 3142 epistola
2765 3059 2855 3121 ad
2877 3056 3284 3136 Faustinam,
3324 3079 3500 3141 quae
3537 3060 3747 3123 exstat
3770 3065 3967 3147 apud

2454 3152 2836 3217 Vulcatium
2901 3155 2968 3216 in
3029 3156 3170 3238 vita
3239 3155 3471 3217 Avidii
3532 3155 3783 3237 Cassii,
3878 3158 3966 3221 fic

2446 3247 2798 3312 scribenti:
2852 3246 2998 3314 haec
3028 3248 3469 3333 (Clementia)
3504 3261 3749 3337 patrem
3780 3262 3967 3318 tuum

2436 3348 2727 3430 inprimis
2763 3344 2910 3410 PH
2935 3347 3175 3410 nomine
3212 3348 3486 3411 ornavit.
3550 3347 3774 3411 Aliam
3807 3350 3961 3413 illu·

2446 3440 2633 3503 strem
2688 3439 2954 3504 causam
3018 3455 3515 3506 commemorat
3583 3435 3963 3509 Pausanias

2438 3535 2854 3621 synchronus
2875 3583 2895 3615 ,
2948 3538 3128 3619 quod
3153 3538 3370 3600 cultus
3398 3538 3612 3600 divini
3648 3543 3965 3604 omniurn

2441 3633 2599 3695 esset
2641 3635 2934 3708 maxime
2968 3632 3305 3697 studiosus.
3357 3637 3409 3707 ὅ)
3465 3635 3704 3697 Verius
3737 3639 3962 3700 credi·

2439 3732 2694 3806 derim,
2745 3727 3055 3791 illustrem
3108 3728 3206 3790 ini
3276 3729 3452 3792 hunc
3487 3730 3755 3793 titulum
3817 3751 3964 3795 non

2440 3825 2530 3890 ab
2561 3845 2693 3888 una
2718 3823 2916 3887 causa
2941 3871 2960 3905 ,
3013 3824 3117 3886 sed
3156 3823 3243 3886 ab
3265 3825 3578 3888 omnibus
3623 3826 3733 3890 hic
3764 3847 3963 3891 com·

2438 3921 2874 3996 memoratis,
2928 3932 2993 3981 et
3036 3939 3155 4004 per
3188 3919 3548 4002 probatam
3591 3923 3966 4007 multiplici

2434 4015 2794 4101 specimine
2840 4015 3159 4099 pietatem
3185 4014 3373 4078 fuisse
3404 4018 3714 4093 inditum,
3749 4017 3838 4081 sic
3890 4031 3967 4082 ut

2434 4111 2591 4174 Pius
2621 4114 2760 4193 jam
2799 4110 3098 4171 omnium
3142 4130 3261 4173 ore
3298 4126 3696 4190 vocaretur,
3762 4129 3965 4177 ante·

2437 4223 2641 4287 quam
2693 4204 2952 4267 senatus
2982 4205 3349 4268 consultum
3393 4210 3770 4274 accederet.

2533 4300 2615 4361 Et
2647 4319 2809 4362 vero
2844 4294 3174 4365 eximium
3204 4300 3370 4364 istud
3404 4305 3507 4366 Pii
3546 4324 3961 4390 cognomen,

826 4468 3970 4519 “w

914 4565 974 4630 a)
1013 4558 1083 4611 dc
1121 4552 1377 4607 Coiurnu.
1417 4550 1548 4599 Ant.
1586 4562 1641 4613 p.
1677 4544 1762 4592 61.

839 4636 890 4693 1.
922 4650 968 4682 e.
1001 4638 1084 4689 93.
1224 4621 1274 4686 e)
1314 4617 1442 4686 i'ag.
1477 4616 1600 4680 ⁶32·-
1638 4625 1682 4660 t.
1708 4617 1761 4657 et
1790 4608 1908 4669 648.
1956 4625 1996 4656 1.

1906 4537 1959 4594 b)
1991 4540 2055 4592 io
2096 4535 2401 4592 Hadriano.

2135 4604 2177 4667 Q
2211 4607 2264 4655 in
2304 4604 2609 4662 Antonino,

2540 4536 2588 4600 e)
2625 4537 2681 4586 in
2724 4532 3007 4587 Hadriano
3045 4532 3139 4586 sub
3177 4533 3272 4595 fin,
3406 4537 3463 4601 d)
3503 4537 3836 4600 Oneiroerit‚
3887 4542 3961 4594 L.

2754 4606 2817 4673 g)
2848 4605 2906 4654 in
2937 4600 3142 4655 Arcad.
3185 4603 3253 4663 L.
3290 4605 3452 4658 vlu.
3492 4623 3536 4658 e.
3571 4622 3662 4674 43,
3695 4617 3704 4622 “
