4242 5459
1400 565 2089 673 sALoumv
2114 565 2190 645 s.

184 765 289 834 ve!
307 764 709 838 CONSECR
716 770 781 838 A
791 770 888 838 TI
888 769 944 837 0
966 816 983 849 ,
1034 764 1411 860 Zerh'ffimum
1433 770 1724 839 habemus

191 863 538 931 Salonium
564 868 769 955 filium
790 893 817 949 ‚·
884 869 1290 935 Marinianae
1346 871 1502 931 enim
1539 870 1724 953 filius

193 963 578 1046 consecratus
623 980 748 1027 non
791 965 883 1041 est.
981 964 1219 1028 Contra
1275 984 1409 1027 cum
1458 964 1723 1029 additur

195 1059 368 1122 LIC.
390 1104 409 1132 ‚
476 1060 537 1121 is
582 1059 698 1123 tibi
752 1062 1089 1141 constanter
1150 1058 1482 1124 Valeriani
1540 1061 1724 1148 filius

194 1154 354 1230 esto·,
407 1173 652 1237 nempe
704 1155 1105 1218 Valerianus
1129 1158 1379 1238 junior.

300 1248 630 1337 Regulam
653 1250 1007 1313 Vaillantii
1030 1270 1164 1313 non
1186 1250 1419 1313 valere
1451 1251 1540 1313 ad
1575 1269 1717 1315 om-

197 1362 365 1424 nes,
417 1346 500 1406 de
539 1345 782 1427 quibus
822 1346 1350 1409 controvertitur
1378 1395 1397 1425 ‚
1449 1366 1729 1423 numoS,

197 1460 360 1502 eam
392 1458 554 1502 vero
588 1485 607 1516 ‚
661 1460 865 1526 quam
910 1441 1200 1505 dictavit
1218 1440 1555 1520 {obet-tus,
1596 1443 1722 1505 ess'e

189 1534 482 1612 falsam,
533 1534 740 1598 facile
787 1535 1342 1603 demonstramus·

304 1630 604 1693 Nomina
650 1630 981 1709 Salonini,
1032 1650 1209 1714 quae
1242 1631 1356 1695 vel
1386 1631 1501 1715 ip-li
1538 1635 1726 1696 numi

194 1725 503 1788 Romani
540 1723 972 1809 praeferunt,
1023 1723 1213 1788 fuere
1271 1725 1347 1788 P.
1408 1725 1723 1789 LICINI-

192 1822 334 1883 VS.
383 1818 920 1885 CORNELIVS.
979 1820 1507 1886 SALONINVS.
1565 1825 1720 1886 VA-

193 1914 679 1982 LERIANVS.
774 1914 1048 1978 Certum
1116 1914 1245 1992 est,
1313 1935 1596 1995 numm,
1651 1917 1721 1981 in

198 2011 450 2095 quibus
512 2008 811 2075 Cornelii
874 2011 987 2074 vel
1059 2011 1366 2076 Salonini
1440 2013 1722 2076 nomina

191 2109 572 2183 adduntur,
640 2106 991 2170 Valeriani
1025 2110 1162 2188 jun.
1229 2108 1355 2170 effe
1394 2126 1531 2173 non
1575 2107 1720 2191 pos-

192 2202 262 2264 se
298 2249 319 2278 ‚
393 2202 504 2264 etii
544 2202 869 2278 hiesum,
927 2205 1108 2285 quod
1170 2222 1534 2287 negamus,
1601 2203 1719 2266 ha·

186 2298 393 2361 beret
464 2317 750 2376 numoS,
840 2298 950 2361 sed
996 2298 1122 2360 ess'e
1178 2298 1529 2374 Salonini,
1601 2299 1719 2380 qui

195 2406 288 2456 e‘a
323 2414 368 2457 a
405 2405 621 2454 matre
653 2392 856 2456 Corn.
906 2394 1231 2457 Salonina
1271 2396 1502 2472 traxit,
1542 2413 1718 2476 quae

189 2491 292 2553 ad
323 2488 764 2551 Valerianum
811 2487 1108 2552 nostrum
1186 2508 1324 2551 non
1371 2490 1715 2573 pertinuit.

189 2584 475 2650 Certum
510 2581 595 2647 est
628 2585 834 2648 etiam
856 2631 875 2660 ‚
930 2583 1214 2669 potuiss'e
1245 2603 1288 2646 a
1316 2586 1716 2648 monetariis

184 2680 626 2764 expluribus
688 2679 792 2743 his
826 2678 1215 2743 nominibus
1275 2680 1508 2763 aliqua
1564 2694 1717 2745 tan-

180 2790 337 2838 tum
376 2775 683 2838 adhiberi
726 2775 1046 2859 neglectis
1081 2774 1234 2839 aliis
1261 2824 1280 2851 ‚
1360 2780 1544 2857 cujus
1592 2798 1716 2841 ex-

186 2871 429 2955 empla
472 2871 683 2935 obvia
724 2892 847 2956 per
904 2890 1139 2933 omnes
1197 2870 1340 2952 fere
1392 2872 1716 2956 Augustos

184 2968 554 3031 habemus».
596 2966 891 3049 'Quinin
921 2986 1003 3029 eo
1042 2967 1425 3051 conspirant
1456 2987 1717 3048 omnes,

185 3066 405 3127 etiam
466 3082 618 3125 eum
665 3061 877 3125 solum
933 3063 1264 3128 Valeriani
1318 3083 1565 3127 nomen
1646 3067 1716 3128 in

179 3160 414 3222 numia
448 3157 538 3221 est
565 3205 586 3234 ‚
636 3146 1119 3243 nonnunquam
1169 3160 1355 3222 haud
1401 3158 1605 3222 dubie
1644 3180 1715 3222 u-

178 3276 353 3320 num
391 3254 792 3317 'Saloninum
826 3254 1137 3321 indicari.
1186 3254 1301 3317 sic
1347 3255 1419 3317 in
1480 3255 1715 3339 pleris-

177 3370 325 3434 que
384 3352 526 3431 ejus
575 3349 942 3412 consecrati
990 3352 1210 3412 numis
1267 3350 1508 3434 legitur
1567 3363 1715 3413 tan·

175 3460 372 3509 tum:
430 3444 682 3512 DIVO.
713 3444 1259 3512 VALERIANO.
1309 3443 1554 3514 CAES.
1637 3447 1716 3508 In

176 3543 414 3605 numis
444 3540 730 3603 maximi
766 3541 1025 3604 moduli
1062 3543 1360 3604 Nicaeae
1408 3553 1474 3604 et
1507 3541 1711 3605 Nico-

182 3639 461 3702 mediae
482 3637 786 3721 signatis:
837 3637 1055 3713 ATT.
1077 3637 1711 3702 OTAACPIANOC.

188 3732 1398 3799 rAAMHNoCnrAACPIANoC.
1423 3733 1708 3798 CCBBB.

3203 585 3334 657 431

1802 790 1925 847 us,
1960 757 2028 853 b)
2081 789 2282 857 quem
2331 769 2587 834 secutus
2631 765 2876 834 deinde
2921 758 3010 832 est
3055 764 3327 831 B'andu·

1799 869 1961 932 rius,
1991 868 2050 948 θ)
2106 870 2356 930 Verum
2395 877 2878 950 praeterquam
2919 864 3102 948 quod
3164 862 3321 927 satis

1800 978 1884 1024 ex
1934 962 2266 1026 hactenus
2295 963 2492 1025 dictis
2543 962 2943 1035 didicimus,
2996 959 3320 1022 Salonino

1797 1058 2078 1142 perinde
2099 1059 2451 1122 Valeriani
2484 1074 2727 1121 nomen
2749 1054 2962 1130 fuisse,
3010 1058 3153 1137 iam
3171 1054 3317 1117 sub·

1799 1153 1969 1216 oluit
2006 1154 2270 1238 pridem
2303 1154 2520 1239 Pagio
2545 1199 2564 1229 ,
2615 1151 2795 1214 male
2827 1149 3215 1212 Mon-ellium
3249 1150 3346 1212 ian

1762 1248 1904 1319 „his
1952 1250 2175 1312 numis
2214 1251 2448 1313 videre
2483 1248 2921 1310 Valerianum
2955 1246 3316 1326 juniorem,

1801 1343 1916 1427 qui
1955 1363 2200 1407 revera
2236 1345 2395 1408 effet
2432 1343 2828 1424 Saloninus,
2868 1333 2934 1420 ἆ)
2987 1341 3318 1402 Banduri·

1801 1458 2117 1503 utu-vero
2151 1452 2453 1503 ⁴mentem
2502 1439 2804 1519 mutass'e,
2857 1447 3048 1521 patet
3083 1457 3165 1498 ex
3205 1436 3320 1512 iis·

1803 1552 1982 1620 quae
2034 1534 2170 1620 ipse
2229 1536 2302 1596 in
2350 1533 2779 1619 praefatione
2827 1533 2917 1596 ad
2949 1545 3223 1594 tomum
3265 1532 3318 1597 1.

1804 1630 2058 1693 docuit.
2113 1631 2290 1714 Ergo
2321 1630 2367 1695 fi
2397 1634 2534 1712 jam
2571 1630 2779 1692 folum
2820 1628 3169 1692 Valeriani
3201 1647 3319 1689 no-

1802 1744 1957 1786 men
2003 1723 2264 1788 suffecit
2300 1726 2864 1790 adiudicandum
2899 1723 3318 1802 Saloninum,

1798 1817 2104 1883 sufficere
2147 1822 2352 1884 etiam
2393 1833 2711 1903 poterant
2739 1820 2891 1883 sola
2927 1820 3206 1882 nomina
3240 1819 3322 1884 P.

1800 1915 2027 1980 Licinis·
2069 1916 2422 1993 Valeriani,
2474 1939 2625 1982 cum
2647 1917 2890 1979 iisdem
2930 1934 3090 1979 vere
3125 1935 3324 1998 prae-

1801 2010 1984 2073 ditus
2021 2009 2226 2074 fuerit
2251 2058 2270 2086 ‚
2324 2011 2434 2074 etsi
2477 2011 2657 2075 forte
2710 2011 3008 2073 abess'ent
3043 2012 3323 2073 nomina

1804 2103 2071 2169 Cornelii
2105 2107 2218 2168 vel
2258 2106 2585 2183 Salonini,
2654 2118 2728 2168 ut
2760 2109 2899 2184 jam
2957 2106 3321 2169 Bimardus

1801 2198 2158 2263 adversum
2198 2202 2545 2264 lobertum
2584 2202 2901 2265 advortit.
2925 2197 2988 2281 e)

1898 2300 1985 2358 At
2020 2294 2254 2359 saltem
2277 2298 2359 2360 de
2391 2301 2613 2362 sumis
2645 2296 3034 2372 Valeriani,
3086 2294 3319 2378 Augu-

1802 2386 1873 2453 sti
1938 2390 2136 2453 titulo
2171 2392 2530 2477 insignibus
2556 2442 2575 2470 ‚
2630 2405 2696 2455 et
2723 2391 3083 2472 juvenilius
3118 2403 3326 2475 caput

1801 2484 2239 2551 offerentibus
2303 2487 2608 2551 dubitari
2649 2506 2784 2550 non
2840 2487 3095 2572 poterit
3127 2505 3322 2571 ,teos

1797 2600 1959 2644 vere
1994 2583 2368 2648 Valeriano
2418 2586 2666 2667 juniori
2707 2582 2845 2645 ·ell'e
2902 2581 3326 2649 tribuendos.

1797 2675 1971 2740 Istud
2015 2682 2222 2743 modo
2271 2682 2767 2763 inquirendum.
2818 2675 3096 2741 Exstant
3138 2679 3326 2740 numi

1801 2772 2051 2860 copiosi
2104 2778 2404 2863 argentei
2442 2776 2524 2839 lic
2564 2775 2905 2860 inscripti-2

2092 2871 2826 2944 VALER1ANVS.·⁴P‚
2869 2871 2947 2934 F.
2999 2865 3216 2934 AvG.
3249 2870 3322 2933 in

2084 2968 2293 3035 aliis,-

2087 3066 2284 3128 1MP.
2303 3063 2892 3129 VALERIANVS.
2917 3063 2990 3125 P.
3010 3063 3088 3126 F.
3108 3060 3322 3126 AVG.

2064 3162 2275 3245 Caput
2291 3161 2561 3245 juvenile
2593 3159 2936 3224 radiatum.

1796 3253 2152 3320 Habemus
2210 3257 2450 3334 binos,
2493 3273 2675 3338 quos
2708 3255 2906 3339 supra
2955 3253 3024 3312 in
3062 3250 3322 3313 Saloni-

1798 3368 1888 3413 no
1926 3351 2232 3436 descripfi
2263 3373 2280 3414 z
2953 3380 2958 3385 ·
3031 3385 3037 3391 ·

2088 3447 2281 3511 ΙΜΡ.
2334 3444 2657 3510 SALON.
2719 3440 3318 3507 VALERIANVS.

2090 3539 2303 3605 AVG.
2359 3542 2560 3625 Caput
2576 3539 2848 3623 juvenile
2878 3536 3222 3602 radiatum.
3314 3572 3320 3579 ·

1797 3635 2207 3701 Posteriores
2266 3656 2467 3698 nemo
2532 3648 2736 3719 negat
2786 3633 2909 3696 ell'e
2977 3630 3318 3708 Salonini,

1797 3735 1952 3796 illos
2024 3732 2392 3815 antiquarii
2461 3750 2694 3794 omnes
2747 3728 3118 3794 Valeriano
3181 3729 3318 3807 jun.

182 3829 421 3911 Capita
457 3828 789 3897 Valeriani
818 3828 955 3913 sen.
1009 3837 1069 3892 εἰ
1105 3829 1363 3893 GaHiem‘
1400 3828 1710 3909 laureata,
1792 3829 2139 3904 tribuunt,
2195 3847 2331 3912 quo
2374 3825 2656 3910 persuali
2719 3825 3164 3911 argumento?
3231 3842 3322 3887 an

176 3923 480 4003 Salonini
497 3924 746 3990 nudum.
777 3922 842 4006 ⁸)
898 3926 1163 3989 ,Verum
1204 3926 1476 4007 quidem
1504 3972 1523 4000 ‚
1568 3945 1711 3990 non
1793 3925 2275 3988 lineamentis?
2325 3924 2556 4000 Haec,
2610 3933 2683 3985 ut
2721 3923 2914 4005 supra
2933 3920 3131 3983 docui
3156 3966 3176 3993 ‚
3217 3920 3321 3981 di-

170 4040 329 4086 non
375 4020 648 4084 defuill'e
696 4017 882 4084 viros
943 4019 1389 4105 praestantes,
1443 4021 1558 4103 qui
1612 4021 1713 4084 al·
1794 4021 2077 4084 serimen
2121 4040 2256 4083 non
2280 4014 2631 4104 praebent.
2685 4024 2787 4084 A‘n
2821 4016 3023 4079 titulo
3055 4015 3317 4079 Valeri-

170 4131 336 4181 tero
369 4116 499 4179 hoc
537 4136 893 4179 numorum
940 4112 1358 4180 Graecorum
1404 4117 1709 4181 Valeria-

167 4233 275 4278 no
315 4212 821 4298 intelligendum
862 4212 989 4276 ess'e
1022 4211 1463 4275 Valerianum
1490 4206 1706 4291 junio-

170 4306 330 4372 rem
370 4307 763 4391 sanxerunt,
819 4327 992 4391 quos
1032 4309 1205 4370 inter
1238 4307 1369 4391 fuit
1408 4309 1713 4372 Morelli·

1800 4120 1910 4179 ani
1934 4120 1964 4178 ’ἒ
2014 4116 2147 4180 Sed
2187 4112 2596 4180 nomineisso
2629 4112 3083 4200 compellatus
3111 4112 3320 4173 etiam

1798 4211 1928 4276 fuit
1945 4212 2334 4280 Saloninus,
2393 4216 2506 4276 Aa
2531 4212 2804 4274 nomine
2822 4205 3091 4292 Augusti
3136 4210 3165 4268 3
3189 4210 3318 4267 Ve-

1800 4328 1946 4371 rum
1988 4309 2128 4371 hoc
2154 4355 2173 4386 ,
2227 4307 2531 4372 utaltius
2579 4328 2663 4371 ex
2704 4307 2925 4371 numis
2959 4302 3112 4389 iplis
3144 4302 3320 4364 vidi-

236 4547 299 4604 a)
342 4542 484 4596 Mur.
522 4544 687 4598 Theu
739 4583 752 4597 .
797 4543 1050 4607 Bandur,
1091 4548 1151 4599 in
1184 4547 1418 4619 praefat.

163 4616 214 4678 ε)
260 4613 428 4667 Num.
458 4617 636 4685 impp.
731 4632 844 4668 om.
874 4615 931 4668 -1..
963 4633 1027 4685 p.
1073 4633 1186 4686 ¹35·

1719 4545 1780 4610 b)
1819 4550 1878 4598 in
1914 4546 2152 4619 Speeim.
2192 4564 2248 4618 p.
2289 4565 2409 4615 ¹¹7·
2445 4546 2574 4600 edit.
2613 4546 2826 4615 primae
2866 4549 2920 4591 et
2957 4556 2993 4607 p

1362 4615 1425 4685 d)
1467 4616 1604 4678 Crit,
1643 4617 1772 4670 Bar.
1801 4614 1875 4672 nd
1908 4617 1980 4670 V.
2014 4618 2076 4669 C.
2118 4631 2270 4684 1013.
2310 4618 2444 4687 §¹7-

3002 4581 3014 4595 ,
3059 4539 3171 4602 ι96.
3216 4534 3316 4584 see.

2591 4620 2643 4679 e)
2680 4610 2755 4664 ad
2789 4611 2959 4665 Toni.
2998 4607 3072 4657 11.
3095 4622 3161 4673 p.
3199 4618 3316 4655 102.
