4242 5459
1360 517 1752 597 IVLIA
1853 514 2377 595 DOMNA.

297 730 504 797 Enim
604 744 774 791 vero
838 721 1272 790 caracallam
1332 724 1533 787 matri
1595 738 1832 789 curam

301 825 741 900 libellorum,
853 832 942 884 'et
1025 819 1496 905 epistolarum,
1584 823 1835 884 utrius-

301 945 442 1007 que
488 922 762 1005 linguae
811 916 1252 996 commisisse,
1335 917 1462 979 suis
1520 917 1610 978 ad
1651 918 1834 979 sena·

253 1034 266 1043 ·
309 1033 458 1082 tum
497 1015 844 1102 epistolis,
895 1034 1048 1077 cum
1102 1012 1164 1074 se
1208 1026 1416 1096 atque
1465 1014 1833 1076 exercitum

314 1115 550 1180 valere
595 1112 955 1184 scriberet,
1041 1109 1365 1172 addidiss'e
1432 1109 1689 1191 semper
1773 1120 1841 1170 et

309 1223 651 1283 matrem,
703 1226 998 1289 eamque
1042 1223 1086 1267 a
1115 1208 1455 1289 primariis
1498 1205 1660 1266 viris
1691 1225 1837 1290 per·

297 1309 482 1371 -inde
504 1324 587 1368 ac
611 1306 668 1366 se
691 1302 972 1367 voluill‘e
1004 1300 1302 1378 salutari,
1351 1299 1560 1364 refert
1589 1300 1750 1363 Dio.
1773 1297 1836 1381 ⁸)

314 1404 562 1484 Quare
597 1401 838 1463 mirum
873 1418 1008 1459 non
1067 1395 1195 1472 est,
1221 1402 1397 1459 'eam
1434 1409 1628 1459 tanto
1662 1392 1841 1458 fasti-

314 1501 436 1585 gio
479 1497 828 1560 adsuetam
867 1512 1067 1577 aegre
1111 1493 1324 1555 tuliss'e
1361 1494 1451 1555 ad
1499 1495 1842 1576 priva-tum

311 1597 383 1658 se
423 1592 659 1657 statum
697 1591 959 1675 redigi,
1013 1601 1080 1650 et
1125 1586 1522 1672 pro‘babiles
1571 1588 1712 1651 sunt
1747 1590 1840 1649 in·

297 1692 571 1765 -Iidiae,
623 1707 796 1772 quas
834 1706 988 1748 eam
1014 1684 1360 1747 intentass‘e
1404 1686 1716 1747 Macrino
1743 1684 1840 1745 su-

2353 719 2575 788 Diva
2642 724 3004 796 *Domum

2021 913 2495 979 Consecratam
2522 937 2671 981 eam
2693 916 2880 984 fuiss'e
2912 922 3303 1006 scriptorum
3330 946 3440 990 ve-

1920 1024 2139 1075 terum
2192 1032 2390 1074 nemo
2440 1016 2781 1098 prodidit,
2835 1030 2907 1080 at
2960 1018 3125 1082 istud
3196 1020 3443 1085 docent

1921 1109 2130 1170 numi.
2200 1107 2486 1171 Factum
2519 1108 2685 1174 istud
2725 1127 3001 1178 curante
3036 1114 3441 1199 Elagabalo,

1924 1206 2032 1267 cui
2075 1222 2196 1287 per
2248 1216 2533 1267 matrem
2567 1207 3046 1274 Soaemiadem
3084 1210 3444 1295 .sanguinis

1923 1319 2138 1363 nexus
2171 1319 2327 1362 cum
2373 1300 2650 1366 Domna
2682 1302 2833 1387 suit,
2886 1307 3042 1370 satis
3078 1305 3225 1390 ipsa
3265 1310 3441 1373 ratio

1925 1395 2301 1482 persuadet.

2087 1546 2098 1555 .
2216 1493 2469 1557 DlvA.
2503 1493 2778 1564 IVLIA.
2810 1497 3263 1565 AVGVSTA.
3321 1500 3449 1570 Ca·

2213 1599 2333 1675 put
2383 1590 2673 1656 velatum.

1929 1683 2593 1750 CONSECRATIO.
2646 1687 2715 1752 S.
2760 1688 2834 1757 C.
2914 1692 3169 1759 Douma
3224 1693 3287 1759 d.
3327 1693 3446 1762 ha.

301 1807 448 1873 ,pra
487 1784 918 1848 ostendimur.
996 1782 1240 1843 Matris
1287 1778 1722 1858 Castrorum,
1775 1792 1844 1841 et
1904 1785 2073 1870 stam
2108 1786 2243 1846 velo
2274 1802 2393 1866 per
2424 1793 2619 1867 caput
2647 1787 2895 1873 finuato
2936 1809 2980 1853 a
3023 1810 3269 1874 pavone
3293 1792 3448 1879 sur·

313 1882 601 1945 Patriae
647 1897 896 1941 nomen
951 1896 1100 1938 eam
1139 1880 1276 1955 jam
1327 1877 1540 1939 tuliss'e
1593 1887 1841 1959 quarto
1908 1878 2311 1967 [κριμνίταν.
2366 1879 2497 1941 ΛΕ.
2544 1880 2593 1940 1.
2650 1884 2846 1956 (Mus.
2882 1882 3105 1968 Caes.)

295 1978 730 2063 -imperantis
753 1974 978 2035 mariti
1017 1992 1236 2048 anno,
1287 1973 1501 2054 liquet
1546 1992 1631 2033 ex
1665 1992 1842 2033 mar-

311 2092 514 2138 more
553 2069 939 2134 Muratorii.
956 2057 1020 2148 1’)
1070 2068 1299 2130 Etiam
1333 2070 1402 2128 in
1448 2086 1653 2128 numo
1689 2067 1847 2128 Pal·

313 2183 635 2232 tenorum
667 2165 909 2249 Syriae
947 2166 1192 2226 dicitur
1212 2161 1646 2228 ΕΤΡατοπεδε
1683 2163 1847 2250 M.H·

313 2285 425 2352 τηρ
447 2313 475 2351 ,
526 2265 867 2352 ufir-orm
903 2269 1125 2327 matu·-
1162 2264 1214 2336 ²)

1253 2447 1286 2481 ί

630 2494 725 2563 Vt
760 2494 854 2561 tit.
902 2495 970 2559 C.

317 2589 1162 2675 S.P.Q.R.1vL1AE.
1219 2585 1605 2652 AVGVST.
1687 2585 1849 2651 Car..

309 2701 575 2777 pentum
617 2708 658 2753 a
693 2686 858 2753 binis
894 2686 1072 2751 mulis
1105 2696 1397 2751 tractum.
1470 2683 1604 2747 ΑΕ.
1660 2702 1844 2747 max.

322 2788 511 2849 mod.
564 2784 767 2871 (Mus.
800 2782 1017 2848 Pisan.
1029 2780 1055 2859 )
1088 2785 1243 2848 Fere
1268 2780 1482 2867 similis
1517 2780 1702 2860 alius,
1733 2779 1910 2871 sed'

322 2878 874 2966 AE.1.(vaiu.)

427 2976 748 3063 Cat-penti
780 2974 1110 3039 honorem
1149 2997 1191 3040 a
1230 2972 1460 3038 sena'tu
1485 2976 1691 3061 vivae
1725 2974 1842 3040 ad-

319 3074 463 3137 huc
503 3072 811 3135 Domnae
859 3072 1210 3135 decretum
1246 3074 1311 3135 in
1346 3072 1478 3136 hac
1521 3076 1662 3154 ejus
1724 3070 1845 3157 'po-

329 3169 548 3231 tentia
580 3181 770 3232 tanto
809 3170 1024 3231 minus
1050 3170 1291 3231 mirum
1313 3214 1335 3242 ,
1385 3188 1536 3230 cum
1569 3158 1844 3231 et'hunc

321 3264 656 3328 honorem
703 3264 1056 3327 Messalina
1097 3263 1413 3341 Claudii,
1467 3265 1844 3349 Agrippina

323 3362 588 3437 altera,
641 3373 710 3422 et
756 3358 1069 3423 Faustina
1115 3362 1388 3442 junior,
1448 3359 1842 3443 impotentis

317 3477 562 3521 omnes
619 3457 827 3519 animi
880 3455 1177 3520 feminae
1225 3455 1342 3517 fibi
1406 3455 1671 3539 pridem
1729 3475 1843 3517 ex·

321 3552 673 3630 torserint,
731 3566 800 3615 ut
835 3553 903 3615 in
941 3554 1182 3616 harum
1219 3553 1439 3615 numis
1478 3551 1794 3613 vidimuS.

605 3805 721 3871 -Vt
766 3805 862 3871 lit.
924 3805 1004 3868 B.

313 3900 694 3967 VICTOR.
733 3901 962 3964 IVST.
1008 3897 1215 3963 AVG.
1290 3899 1581 3966 Victoria
1601 3896 1840 3981 sedens.

312 4001 464 4064 AR.
519 3996 728 4106 (Mur,
761 3986 980 4073 Caes.)

412 4092 670 4159 Aversa
709 4095 778 4154 in
827 4093 1101 4154 Domna
1148 4092 1527 4171 rarissima,
1600 4105 1667 4154 et
1707 4089 1844 4153 for·

308 4205 378 4255 te
426 4192 653 4254 unica.
746 4189 962 4272 Magis
1015 4186 1227 4250 obvia
1287 4183 1354 4249 in
1408 4189 1707 4266 Severo,
1775 4200 1843 4250 et

2217 1974 2458 2039 Eadem
2504 1973 2783 2061 adversa.

1934 2068 2600 2133 CONSECRATIO.
2652 2074 2854 2138 Pavo.
2954 2078 3093 2141 AR.
3200 2082 3454 2168 (Beger-

1931 2164 2134 2227 Thes.
2158 2166 2419 2229 Brand.
2464 2167 2553 2229 T.
2599 2168 2683 2231 11.
2731 2191 2799 2255 p.
2840 2172 3002 2252 696.
3054 2174 3323 2257 (vam.)

2217 2355 2418 2420 Numi
2459 2361 2781 2424 commatis
2818 2365 3164 2447 pmgaeini.

2029 2546 2236 2610 Numi
2281 2558 2426 2611 tam
2475 2549 2724 2616 urbium
2793 2551 3169 2637 aberamus,
3240 2579 3450 2642 quam

1927 2643 2309 2708 coloniarum
2336 2645 2770 2730 copiosissimi
2817 2649 3092 2718 exstant.
3146 2661 3233 2719 At
3266 2657 3454 2721 raris·

1899 2738 2074 2802 fimi
2108 2740 2573 2822 Alexandrini,
2626 2757 2701 2808 ut
2741 2745 2997 2811 dictum
3040 2748 3156 2861 suo
3191 2751 3379 2822 loco.

2093 2934 2571 3003 NOMINA
2667 2960 2758 3005 ae
2862 2943 3287 3016 TITVLI.

2536 3134 2864 3201 Damna.

2027 3320 2296 3384 Nomen
2320 3321 2505 3387 ‘istud
2545 3325 2703 3391 fitne
2741 3326 3020 3411 originis
3053 3328 3309 3414 Syrae,
3360 3356 3449 3402 an
3566 3368 3575 3373 ·

1928 3416 2261 3496 Latinae,
2314 3433 2381 3482 et
2432 3433 2854 3486 contractum
2908 3442 2995 3485 ex
3026 3424 3303 3494 Domina
3334 3478 3354 3508 ,
3406 3444 3459 3498 a*

1926 3513 2140 3577 variis
2170 3514 2602 3598 disputatum.
2671 3514 3031 3581 Posteriori
3082 3520 3448 3590 sententiae

1930 3607 2235 3672 adhaesit
2274 3610 2704 3691 Pellerinius‚
2758 3610 3158 3693 statuitque,
3209 3620 3279 3683 id
3326 3642 3447 3686 no-

1929 3724 2084 3768 men
2123 3705 2385 3767 mulieri
2424 3726 2544 3789 per
2566 3708 3027 3793 arrogantiam
3052 3714 3449 3796 quaesitum,

1931 3814 2004 3865 at
2042 3820 2193 3864 cum
2239 3802 2500 3869 Domim'
2552 3802 2927 3887 appellatio
2978 3804 3309 3879 Romanis
3353 3818 3450 3882 in-

1933 3899 2077 3962 visa
2115 3898 2314 3979 ess'et,
2368 3901 2748 3993 mitigatam
2788 3901 2876 3967 ab
2918 3919 2999 3993 ea
3023 3913 3317 3975 nominis
3354 3917 3452 3978 in-

1930 3995 2190 4058 vidiam
2231 3995 2625 4074 scribendO,
2678 4000 2931 4065 Damna
2981 4016 3107 4081 pro
3156 4008 3450 4077 Domina·

1929 4093 2107 4155 Sane
2161 4111 2405 4153 nomen
2454 4091 2707 4162 Damna
2762 4116 2898 4161 non
2951 4090 3079 4155 ess'e
3157 4103 3454 4188 Syrum,

1929 4188 2180 4273 probat
2206 4206 2410 4249 numo
2433 4185 2956 4272 Cyzicenorum,
3004 4188 3075 4250 in
3110 4217 3245 4281 quo
3277 4203 3457 4288 prin·

296 4274 719 4362 Pescennio,
775 4284 886 4347 etsi
934 4286 1002 4347 in
1041 4283 1143 4346 his
1180 4282 1255 4346 fit
1304 4284 1616 4347 Victoria
1682 4302 1834 4370 gra·
1885 4304 2078 4367 ceps
2148 4304 2381 4347 eorum
2466 4286 2597 4347 dea
2663 4285 3069 4375 Proserpina
3156 4295 3457 4361 dicitur·

297 4385 551 4460 diens,
604 4402 740 4444 non
783 4381 1036 4444 sedenS.

394 4595 462 4663 a)
499 4554 1084 4665 L.Lxxv1‚1.'§.23,
1225 4590 1285 4659 b)
1320 4589 1450 4659 1³03.
1476 4600 1623 4654 ωδε.
1641 4604 1690 4641 2.

1853 4591 1903 4657 c)
1944 4590 2137 4643 Sestini
2154 4590 2368 4643 Lettere
2388 4576 2457 4642 T.
2482 4591 2554 4645 V.
2578 4610 2638 4664 p,
2660 4596 2746 4647 66.

1919 4381 2253 4444 ΔΟΜΝΑ.
2296 4373 2757 4467 znT1PA.<¹)
2810 4387 3001 4452 Haec
3067 4391 3192 4455 viri
3232 4384 3471 4460 exlmii

2909 4599 2973 4665 d)
3020 4598 3320 4655 Additions
3333 4620 3390 4675 p.
3409 4617 3464 4672 ⁴·
