4242 5459
905 578 1801 678 M.‚AVREL1VS
1901 578 2736 656 AN'I'ONINVS.
2847 683 2856 688 -

242 777 709 861 et'speciatini
753 779 835 840 de
874 776 1207 841 OPTIMI
1260 778 1657 863 cognomine
1706 780 1777 842 in
1906 799 1913 802 “

244 873 636 957 Trajanum
675 875 954 958 collato,
1007 888 1073 939 et
1109 874 1191 937 de
1244 874 1576 938 Hadriani
1617 876 1772 937 titu-

240 967 321 1032 lo
374 971 592 1055 patris
632 971 918 1054 patriae.
1136 979 1151 988 ‘

348 1072 447 1131 At
479 1067 667 1128 litem
704 1066 870 1128 mihi
894 1088 936 1130 a
965 1066 1415 1130 marmoribus
1452 1065 1775 1127 intentari

242 1165 464 1227 video
490 1209 511 1239 ‚
563 1163 633 1224 in
679 1161 925 1246 quibus
958 1175 1025 1226 et
1061 1164 1142 1234 L.
1186 1166 1400 1225 Verus
1428 1163 1772 1246 patrispa·

242 1263 425 1323 triae
452 1259 679 1341 elogio
713 1259 1077 1322 decoratur
1100 1306 1118 1336 ,
1172 1271 1375 1340 atque
1438 1257 1574 1346 ipse
1634 1262 1770 1318 Au·
1802 1285 1807 1290 ·

244 1356 461 1418 relius
497 1353 713 1415 multo
756 1356 1085 1418 maturius
1147 1373 1329 1418 anno
1390 1354 1466 1416 V.
1508 1350 1586 1416 C.
1631 1372 1769 1434 930

242 1471 294 1514 a
328 1471 442 1513 me
476 1447 781 1538 definito.
836 1454 1088 1514 Verum
1122 1452 1235 1533 qui
1275 1448 1542 1513 causam
1584 1447 1769 1511 suam

243 1545 709 1609 marmoribus
743 1566 943 1632 agere
984 1544 1360 1622 instituunt,
1433 1545 1770 1630 patienter

242 1642 513 1718 ferant,
569 1642 611 1703 fi
662 1655 729 1704 et
788 1662 1021 1705 eorum
1087 1643 1355 1705 causam
1412 1641 1766 1703 marmori-

240 1736 376 1799 bus
413 1736 791 1804 involvam.
845 1740 1018 1801 Nam
1065 1736 1107 1800 fi
1167 1758 1287 1822 per
1321 1735 1767 1800 testimonium

243 1831 664 1917 Capitolini,
736 1848 810 1898 ut
851 1833 1103 1911 fertur,
1172 1832 1484 1897 Aurelius
1516 1830 1767 1894 nonnisi

242 1926 396 2012 post
429 1926 664 1991 fiatris
700 1931 1034 2008 reditum,
1087 1942 1292 2015 atque
1330 1928 1508 1993 adeo
1562 1930 1644 1992 V.
1686 1925 1763 1991 C.

244 2043 391 2106 9¹9
419 2070 440 2102 ,
493 2035 560 2086 et
594 2025 665 2088 in
699 2027 814 2092 suo
859 2027 1207 2090 tribunatu
1240 2026 1380 2089 XX.
1416 2024 1478 2087 se
1501 2035 1763 2109 patrem

239 2121 519 2204 patriae
563 2120 777 2199 dixit,
829 2142 966 2205 qua
996 2124 1263 2185 ratione
1304 2124 1364 2185 is
1419 2123 1489 2184 in
1537 2120 1765 2204 lapide

238 2216 616 2279 Muratorii
676 2221 818 2300 Jam
864 2220 931 2280 in
989 2217 1337 2299 tribunatu
1407 2215 1583 2282 XVI.
1628 2215 1764 2278 hoc

239 2307 466 2395 potest
499 2311 701 2375 titulo
736 2313 1062 2398 gloriari?
1113 2310 1176 2394 ¹)
1229 2324 1349 2375 aut
1386 2311 1592 2374 etiam
1629 2307 1763 2372 fra-

236 2417 351 2469 ter
376 2407 595 2468 Verus
628 2408 698 2471 in
735 2408 1193 2472 marmoribus
1231 2409 1563 2471 annorum
1599 2424 1765 2486 915·

242 2501 439 2584 916?
478 2489 544 2582 1’)
596 2506 919 2581 Accedit,
972 2505 1040 2566 in
1087 2504 1427 2587 plerisque
1471 2519 1764 2564 marmo-

236 2595 435 2660 ribus
466 2597 557 2659 ad
583 2600 936 2663 Aurelium
970 2598 1496 2684 pertinentibus,
1549 2609 1617 2658 et
1647 2615 1766 2659 an·

232 2705 307 2757 te
353 2710 605 2756 anuum
649 2696 733 2758 V.
770 2694 846 2758 C.
885 2715 1022 2779 930
1068 2694 1341 2780 politis,
1394 2692 1615 2756 abess'e
1664 2712 1761 2755 re·

229 2806 454 2865 vera,
504 2800 580 2851 ut
611 2792 965 2876 oportuit,
1027 2791 1245 2876 patris
1298 2790 1565 2875 patriae
1623 2788 1762 2851 elo-

230 2887 471 2972 gium,
515 2897 590 2948 ut
620 2888 839 2962 adeo,
893 2885 935 2947 fi
982 2906 1117 2970 qua
1159 2885 1343 2961 sunt,
1411 2903 1586 2967 quae
1643 2886 1761 2947 ad·

226 2978 469 3044 versus
514 2983 837 3046 traditam
865 2979 1173 3065 regulam
1225 2989 1549 3066 peccant,
1621 2979 1759 3042 cul-

229 3097 337 3163 pa
381 3077 601 3138 omnis
647 3076 724 3139 fit
757 3090 877 3140 aut
922 3096 1127 3162 penes
1164 3096 1324 3151 eos,
1395 3077 1508 3158 qui
1542 3076 1757 3139 minus

230 3174 569 3236 adcurate
625 3174 1055 3258 epigramma
1114 3172 1513 3256 exscripsere
1545 3218 1563 3248 ,
1615 3171 1787 3234 'aut‘

227 3288 447 3355 penes
506 3270 1029 3349 quadratarios‚
1096 3268 1211 3353 qui
1254 3266 1523 3329 titulum
1556 3266 1754 3344 hunc,

231 3384 442 3447 quem
482 3365 775 3447 primum
804 3369 983 3428 anno
1027 3364 1111 3430 V.
1160 3361 1249 3425 C.
1278 3373 1457 3443 914,
1512 3363 1753 3425 deinde

225 3461 487 3523 iterato
528 3480 667 3542 919
718 3461 1063 3523 decretum
1106 3465 1475 3534 noverant,
1543 3459 1753 3520 etiam

228 3555 325 3619 ab
361 3567 652 3640 utroque
692 3554 986 3641 Augusto
1034 3554 1398 3640 susceptum
1451 3554 1751 3616 credide-

229 3653 409 3729 rint,
456 3656 642 3732 cujus
682 3653 946 3737 generis
988 3650 1208 3736 lapsus
1245 3651 1316 3713 in
1355 3667 1749 3711 monumen·

227 3750 323 3810 tis
340 3751 707 3834 praecipue
734 3750 847 3825 iis,
891 3767 1068 3832 quae
1097 3749 1164 3810 in
1204 3745 1573 3831 provinciis
1594 3763 1747 3806 con·

224 3856 434 3930 cepta
473 3845 651 3923 sunt,
706 3844 969 3929 pridem
1008 3844 1280 3928 cogniti.

323 3935 617 4023 Ajebam
652 3941 888 4026 supra,
942 3940 1032 4002 ab
1068 3940 1348 4003 Aurelio
1377 3935 1556 4000 hunc
1589 3939 1743 3998 titu-

214 4037 369 4100 lum
412 4037 819 4122 adoptatum
863 4036 1087 4099 adhuc
1123 4046 1409 4097 exeunte
1450 4052 1628 4094 anno
1664 4035 1743 4096 V.

216 4131 307 4198 C.
333 4149 502 4214 929.
557 4134 711 4197 Hoc
737 4145 810 4195 ut
841 4132 1242 4210 conjicerem
1262 4178 1282 4210 ,
1334 4129 1600 4212 impulit
1627 4149 1740 4190 nu·

212 4247 381 4291 mus
444 4229 865 4312 argenteus'q
898 4227 1012 4311 qui
1070 4226 1308 4305 sanus,
1356 4224 1744 4307 ‹ac-integer

214 4321 445 4388 exstat
466 4326 542 4387 iu
572 4323 873 4388 museum
914 4322 1314 4387 Caesareum
1355 4339 1587 4383 recens
1643 4321 1741 4383 iu·

209 4420 423 4485 latus.

286 4631 349 4696 a)
384 4627 527 4700 Ρη.
554 4635 686 4691 Ἴδε·
720 4628 780 4685 6.

950 4624 1013 4695 b)
1047 4624 1242 4678 Gruter
1274 4640 1402 4695 pag.
1440 4634 1557 4702 ⁴²58·
1596 4635 1742 4682 2.·ot
1783 4622 1933 4687 1032'.
1976 4646 2022 4693 γ.

3294 612 3368 670 71

2157 780 2253 842 M.
2290 777 2704 841 ANTONIN
2713 775 2838 840 VS.
2865 774 3382 852 AVG,-GERM,

2156 875 2424 938 SARM.
2502 874 2702 957 Caput
2738 872 3106 937 laureatum.
3253 907 3266 922 ι

1862 970 2007 1033 DE.
2054 967 2338 1035 GERM.
2380 971 2524 1032 ΤΚ.
2573 971 2648 1033 Ρ.
2689 970 2899 1036 XXX.
2955 969 3145 1039 IMP.
3188 974 3374 1040 VIII.

1867 1064 2058 1134 COS.
2094 1065 2220 1131 111.
2273 1066 2347 1127 P.
2373 1067 2446 1146 Px.
2506 1069 2878 1152 Tropaeum·
2937 1069 3083 1133 AR.

1958 1163 2274 1224 Aurelius
2315 1162 2384 1223 in
2417 1162 2599 1224 nullo
2638 1184 2882 1249 numo,
2936 1183 3107 1245 quos
3152 1165 3378 1231 hacte-

1863 1276 1985 1320 nus
2014 1258 2301 1320 videnm
2327 1303 2345 1332 ‚
2399 1260 2645 1320 dicitur
2685 1273 2877 1344 pater
2912 1263 3177 1346 patriae
3219 1277 3377 1329 ante

1860 1350 2445 1437 trib.·‘potestatem
2493 1355 2733 1420 XXXI.
2818 1356 3049 1438 Quare
3083 1370 3377 1444 tempus,

1861 1468 2000 1531 quo
2033 1448 2168 1536 hoc
2193 1447 2481 1532 elogium
2519 1449 2822 1528 adscivit,
2875 1455 3376 1536 pendetatem·

1859 1563 2069 1628 pore,
2125 1563 2260 1629 quo
2316 1544 2691 1609 tribunatus
2739 1567 3089 1612 numerum
3128 1552 3377 1617 iterare

1861 1637 1948 1701 est
1978 1639 2234 1706 solitus.
2288 1637 2458 1701 Cum
2481 1642 2792 1706 Aurelius
2828 1645 2896 1706 in
2934 1664 3088 1707 mea
3124 1645 3374 1713 senten·
3493 1689 3500 1696 ·

1858 1735 1993 1811 tia,
2049 1756 2253 1819 quam
2315 1735 2481 1798 olim
2525 1740 2793 1822 copiose
2848 1732 3370 1825 comprobabo,

1857 1830 2270 1922 tribunatum
2310 1832 2547 1896 XXXI.
2572 1835 2843 1898 iniverit
2881 1836 3205 1900 Kalendis
3227 1839 3370 1901 Ian.

1858 1927 1941 1992 V.
1984 1924 2058 1991 C.
2114 1949 2298 2010 930,
2364 1930 2617 1993 necess'e
2669 1929 2799 2007 est,
2851 1951 3126 1995 numum
3194 1934 3372 1998 hunc

1854 2022 2042 2086 fuiss'e
2082 2024 2722 2108 signatum.exeunte
2759 2047 2938 2092 anno
2968 2031 3373 2110 praecedeu-

1857 2131 1922 2180 te
1967 2137 2145 2201 929,
2177 2123 2377 2201 ‚quod
2432 2140 2565 2184 non
2626 2123 3138 2208 improbabile;
3212 2146 3371 2190 nam

1854 2213 2101 2276 exstant
2130 2217 2334 2278 etiam
2356 2215 2592 2279 similes
2611 2218 2793 2280 numi
2816 2215 3178 2283 Commodi
3200 2220 3369 2285 Cae·

1853 2307 2065 2384 saris,
2121 2312 2235 2391 qui
2293 2323 2469 2371 certe
2516 2310 2659 2373 sunt
2704 2314 2897 2394 hujus
2958 2318 3152 2388 anni;
3207 2336 3368 2379 nam

1850 2399 1894 2463 fi
1928 2402 2131 2468 elsent
2170 2404 2330 2466 anni
2367 2403 2696 2486 sequentis
2736 2428 2913 2489 930,
2967 2425 3099 2471 nou
3156 2412 3224 2473 in
3285 2412 3367 2473 iis

1850 2498 2119 2562 omiss'us
2175 2497 2329 2561 esset
2366 2499 2595 2563 titulus
2656 2500 2885 2578 COS.,
2957 2523 3091 2585 quo
3139 2506 3195 2568 is
3242 2506 3364 2569 illo

1847 2612 2023 2657 anno
2055 2596 2396 2681 insignitus
2425 2593 2566 2662 fuit.
2620 2596 2835 2660 Causa
2857 2597 3210 2664 feriundae
3239 2600 3359 2664 hu-

1837 2692 1946 2773 jus
1989 2705 2307 2757 monetae
2345 2689 2475 2754 fuit
2530 2693 2908 2778 triumphus
2948 2696 3033 2757 de
3080 2695 3363 2761 Germa-

1844 2787 1946 2850 nis
1987 2801 2178 2852 actus
2212 2788 2321 2850 die
2354 2788 2597 2853 XXIII.
2633 2789 2800 2855 Dec.
2834 2794 2920 2859 V.
2959 2789 3037 2856 C.
3074 2813 3239 2876 929,
3289 2807 3362 2858 ut

1828 2885 1932 2946 ad
1974 2883 2149 2948 hunc
2182 2904 2426 2946 annum
2452 2930 2470 2959 ‚
2521 2897 2590 2948 et
2623 2887 2933 2968 proxime
2981 2887 3362 2972 sequentem

1844 2981 1929 3042 de
1982 2981 2203 3043 numis
2279 2978 2472 3061 hujus
2543 2984 2918 3066 argumenti
2974 2985 3359 3048 differentes

1841 3077 2475 3143 animadvertimus.
2526 3077 2611 3140 Et
2652 3076 2807 3141 saue
2855 3079 3207 3143 verifimile
3246 3079 3358 3160 est,

1841 3172 2014 3233 iuter
2074 3171 2398 3254 triumphi
2462 3174 2600 3252 ejus
2672 3172 3071 3258 applausum
3138 3178 3353 3262 patris

1839 3267 2105 3342 patriae
2149 3285 2388 3328 nomen
2422 3266 2674 3330 rursum
2708 3270 3051 3333 decretum
3091 3292 3133 3335 a
3171 3272 3354 3335 sena·

1839 3371 1947 3436 tu·‚
2002 3382 2086 3425 ac
2125 3363 2395 3424 demum
2429 3383 2474 3425 a
2520 3364 2889 3429 reluctante
2929 3366 3043 3429 diu
3073 3366 3353 3430 Aurelio

1841 3456 2186 3522 adscitum.
3205 3531 3215 3539 ‚

1937 3552 2146 3615 Obvii
2192 3549 2331 3615 sunt
2367 3554 2548 3614 numi
2583 3554 2881 3638 argentei
2932 3551 3236 3637 inscripti·
3281 3556 3352 3618 in

1837 3647 2079 3710 aversa
2129 3647 2271 3710 solo
2308 3646 2496 3709 COS.
2534 3648 2656 3713 111.
2679 3649 2749 3709 P.
2774 3649 2847 3711 P.
2898 3649 3109 3710 variis
3142 3651 3347 3734 typis.

1835 3744 1982 3806 Hos
2025 3743 2191 3804 olim
2247 3744 2313 3804 in
2375 3740 2711 3827 Catalogo
2765 3744 2969 3806 musei
3012 3739 3345 3823 Caesarei.

1832 3839 2159 3922 quoniam
2192 3849 2462 3925 praeter
2496 3839 2913 3902 consulatum
2950 3844 3058 3918 ΙΙΙ.
3090 3842 3344 3907 nullum

1833 3934 2042 3998 alium
2066 3932 2526 3998 characterem
2558 3931 3112 4020 chronologicum
3152 3957 3343 4021 prae-

1829 4028 2093 4106 ferunt,
2141 4030 2383 4092 inserui
2427 4034 2648 4094 uumis
2702 4032 2857 4093 anni
2909 4033 2992 4097 V.
3041 4031 3119 4095 C.
3177 4047 3336 4115 9¹4·

1828 4127 1905 4190 P.
1948 4127 2025 4190 X.
2078 4128 2243 4204 161,
2300 4146 2433 4208 quo
2473 4146 2544 4189 re
2585 4126 2725 4210 ipsa
2781 4127 3002 4191 consul
3045 4131 3151 4200 111.
3186 4150 3341 4212 pro·

1830 4220 2024 4284 cessit
2051 4222 2388 4302 Aurelius,
2431 4234 2689 4285 temere
2725 4224 3037 4285 nimirum
3079 4224 3340 4290 secutus

1832 4317 2181 4380 oraculum
2222 4319 2560 4392 Occonis,
2636 4318 2978 4402 scopulum
3027 4320 3189 4382 'inde
3249 4321 3338 4386 ab

1828 4425 1981 4476 ortu
2022 4413 2140 4476 suo
2178 4414 2455 4476 eruditis
2501 4407 2807 4479 fatalem.
2885 4413 2976 4477 At
3019 4436 3181 4478 vero
3219 4436 3337 4500 po·

2065 4624 2167 4678 bis.
