4242 5459
1151 549 2841 656 ALEXANDER-sssvssavs·

475 757 835 830 Germanis
877 767 1162 850 trajecto
1213 763 1453 831 Rheno
1515 758 1780 829 Gallias
1829 780 1897 828 a·

1740 881 1897 926 cum
1984 874 2382 927 cumventus
2426 884 2559 927 una
2600 879 2765 929 cum·
2817 879 3030 932 matre
3080 870 3499 935 interficitur.

375 863 655 924 trociter
724 863 1214 928 incursantibus
1275 864 1668 930 Alexander.

375 963 676 1024 exercitu
703 960 778 1023 -in
797 999 800 1004 -
817 957 1082 1026 Gallias
1126 959 1598 1048 proficiscitur.
1635 956 1701 1043 ὃ)

599 1198 603 1202 «
660 1153 850 1218 IMP.
969 1152 1552 1246 ALEXANDER.
1671 1151 1898 1226 PIVS.

665 1248 872 1313 AVG.
950 1253 1153 1338 Caput
1224 1251 1571 1315 laureatum
1617 1254 1684 1316 in
1735 1250 1899 1317 AV.

617 1335 832 1451 Q
878 1349 1031 1417 ΑΕ.
1097 1351 1162 1420 Ι.
1213 1351 1399 1414 ctiam
1443 1347 1765 1414 radiatum
1832 1350 1899 1412 in

664 1442 817 1509 ΑΕ.
855 1445 958 1515 ΙΙ.

359 1538 444 1602 Ρ.
479 1538 577 1602 Μ.
613 1538 782 1604 TR.
802 1540 877 1605 Ρ.
927 1538 1116 1607 XIII.
1161 1537 1506 1607 COS.111.
1544 1539 1618 1602 Ρ.
1663 1541 1734 1605 Ρ.
1785 1538 1908 1606 Sol

328 1631 531 1724 stans
565 1635 628 1702 d
676 1635 886 1717 elata,
917 1642 979 1727 s
1005 1636 1366 1725 flagellum,
1417 1638 1491 1701 in
1530 1639 1720 1701 omni
1755 1645 1956 1705 'me-

363 1730 537 1794 tallo
573 1743 650 1794 et
692 1730 946 1800 forma.

659 1825 895 1897 Eadem
931 1833 1209 1923 adversa.

330 1914 1607 2000 PROFECT10.AVGVST1.S.C.
1686 1929 1887 2017 Impo-

349 2032 549 2086 φατον
577 2044 757 2119 eques
790 2027 851 2093 d.
886 2025 1118 2116 hallam
1138 2026 1535 2114 poma-dente
1574 2026 1662 2092 V
1638 2028 1888 2091 actone

359 2119 593 2188 AE.1.
638 2123 726 2195 11,
781 2125 989 2210 (Mus.
1031 2122 1257 2203 Caes..)

648 2221 845 2286 IMP.
957 2218 1546 2286 ALEXANDER..
1662 2215 1883 2300 PIUS.

648 2316 860 2382 AVG.
883 2319 1177 2383 .1v1.1A.
1222 2313 1650 2391 MAMAEA.
1675 2311 1883 2380 AVG.

647 2414 999 2482 MATER.
1060 2413 1267 2479 AVG.
1346 2413 1574 2497 Capita
1624 2410 1884 2498 adverso

644 2511 1009 2579 Alexandri
1047 2523 1109 2577 et
1140 2513 1492 2577 Mamaeae.

351 2604 902 2673 PROFECTIO.
948 2607 1372 2674 AVGVSTI.
1424 2606 1781 2691 Imperator
1818 2624 1882 2669 e-

345 2722 501 2789 ques
530 2704 592 2768 d.
634 2705 839 2784 elata,
876 2708 934 2797 s.
967 2704 1205 2796 hastam
1237 2703 1635 2792 praecedente
1665 2701 1879 2768 Victo·

349 2801 485 2876 ria,
534 2812 598 2867 et
635 2801 912 2869 lauream
945 2803 1010 2868 d.
1050 2806 1414 2890 ostentante,
1464 2803 1722 2886 aliaque
1754 2803 1875 2864 mi-

343 2896 568 2964 litibus
601 2909 718 2965 aut
751 2900 1241 2988 praeeuntibus,
1309 2910 1425 2965 aut
1462 2896 1871 2986 fhquentibus.

350 2995 496 3060 ΛΕ.
534 3017 717 3063 max.
764 2999 948 3062 mod.
986 2999 1197 3090 (Mus.
1231 2981 1451 3077 Caes.)

327 3141 332 3145 -
453 3095 539 3157 Hi
582 3098 765 3159 numi
798 3096 888 3159 ad
925 3094 1394 3181 praesentem
1376 3113 1447 3156 m
1485 3088 1869 3156 Germanos

345 3189 847 3276 profectionem
899 3191 1278 3256 revocandi
1323 3185 1522 3267 visi,
1530 3189 1870 3272 quoniam

239 3312 246 3318 ’
341 3289 421 3350 in
470 3288 715 3350 horum
776 3290 1004 3352 antica
1069 3289 1347 3353 additur
1406 3287 1515 3352 Pii
1577 3303 1868 3360 nomen,

337 3385 537 3468 quod
571 3401 708 3447 non
751 3387 1046 3449 occurrit
1080 3386 1148 3448 in
1201 3385 1360 3448 aliis
1419 3380 1868 3470 profectioni-s

341 3480 571 3545 numis
601 3527 622 3557 ,
676 3501 846 3566 quos
881 3480 1188 3568 descripti
1227 3483 1316 3545 ad
1355 3487 1608 3545 annum
1656 3477 1742 3540 V.
1786 3474 1865 3540 C.

347 3589 531 3659 984,
587 3597 892 3661 quosque
939 3590 1306 3665 propterea
1361 3579 1451 3641 ad
1499 3572 1866 3661 profectio·

335 3692 502 3738 uem
533 3674 876 3740 ·Perlicam
923 3671 1321 3740 referendos
1365 3673 1630 3760 putavi.

694 3868 1172 3950 V·C·-983P
1217 3869 1305 3933 X
1349 3890 1495 3954 235·

395 3951 538 4031 im.
574 3964 656 4032 Ρ
699 3966 924 4034 XIV.
917 3963 1433 4146 {zadae
1482 3963 1830 4032 Μ..ΡΡ

529 4201 536 4210 -
672 4159 955 4240 Severo,
1013 4163 1354 4248 Quintiano
1403 4156 1515 4248 cos

3385 597 3520 666 27⁸7

3320 717 3357 734 qn

1985 759 2305 852 ssigante‚
2354 776 2434 850 ut,
2484 767 2811 834 creditum
2842 817 2862 849 ‚
2930 764 3318 836 Maximino
3382 777 3510 838 cir-a

1984 958 2181 1022 Teste
2241 956 2644 1046 Lampridio
2718 964 2893 1028 vixit
2954 984 3170 1028 annos
3256 962 3497 1034 XXIX.

1978 1055 2240 1119 menses
2279 1056 2401 1120 ΙΙΙ.
2444 1059 2589 1124 dies
2641 1061 2791 1135 vu.
2840 1047 2905 1142 b)
2960 1061 3191 1144 Quare
3262 1063 3301 1125 fi
3352 1065 3499 1128 dies

1977 1153 2125 1230 ·eJ‘us
2149 1153 2398 1217 natalis
2434 1155 2672 1222 incidit
2708 1160 2777 1220 in
2811 1158 3153 1222 Kalendas
3175 1158 3456 1222 Octobr.
3482 1210 3499 1235 ,

1985 1249 2240 1313 neceffe
2279 1246 2367 1312 e‘st
2402 1265 2632 1318 natum
2666 1251 2747 1316 V.
2776 1252 2858 1318 C.
2899 1267 3036 1337 958
3064 1301 3085 1333 ‚
3140 1267 3207 1318 et
3235 1257 3499 1321 caesum

1983 1347 2066 1409 V.
2110 1345 2195 1411 C.
2232 1359 2387 1428 ·988
2436 1349 2588 1413 VII.
2619 1350 2939 1414 Ianuarii.
2999 1354 3087 1414 At
3123 1353 3365 1416 eodem
3402 1366 3509 1415 te·
3542 1385 3547 1389 ·

1983 1439 2069 1503 [le
2102 1442 2161 1525 θ)
2210 1442 2583 1530 imperavit
2629 1450 2821 1512 annis
2867 1447 3052 1512 XIII.
3097 1448 3335 1513 diebus
3385 1450 3502 1512 IX.

1981 1535 2325 1629 Quoniam
2362 1541 2781 1629 Elagabalus
2814 1546 3052 1609 ⁴caesus
3094 1539 3184 1608 est
3230 1546 3503 1610 circiter

1977 1635 2094 1703 XI.
2148 1640 2382 1704 Martii
2429 1641 2511 1704 V.
2559 1640 2636 1706 C.
2700 1657 2883 1725 975,
2932 1641 3292 1706 secundum
3329 1630 3494 1706 alte-

1973 1751 2123 1816 rum
2168 1735 2297 1800 hoc
2340 1734 2789 1802 testimonium
2833 1735 3182 1826 oportebit
3213 1736 3494 1802 statuere

1974 1831 2242 1894 caesum
2289 1833 2755 1898 Alexandrum
2798 1835 3070 1899 circiter
3114 1836 3255 1898 XX.
3310 1831 3493 1899 Mar-

1972 1929 2051 1989 tii
2088 1930 2168 1996 V.
2207 1927 2285 1993 C.
2335 1942 2496 2013 988.
2550 1931 2760 2014 Sunt,
2815 1932 2930 2014 qui
2975 1936 3116 2016 ejus
3155 1951 3384 2007 necem
3428 1934 3497 1996 in

1972 2038 2371 2090 autumnum
2408 2047 2620 2110 usque
2663 2026 3022 2107 differant,
3076 2027 3185 2092 sed
3218 2030 3326 2092 cni
3354 2029 3492 2104 sen-

1969 2122 2225 2185 tentiae
2260 2143 2637 2210 repu-gnare
2668 2141 2923 2187 numos.
2949 2124 3450 2190 Alexandrinos
3472 2175 3492 2207 ,

1971 2235 2133 2280 mox
2171 2219 2491 2306 «separato
2528 2219 2816 2286 articulo
2857 2221 3143 2286 docebo.

2061 2313 2225 2392 Ejus
2253 2330 2541 2382 mortem
2586 2317 2849 2382 senatus
2882 2316 3311 2403 populusque
3335 2337 3489 2381 om.

1967 2414 2071 2477 nis
2113 2414 2513 2500 gravissimo
2543 2414 2729 2477 luctu
2767 2433 3091 2499 accepere
3116 2459 3137 2491 ,
3191 2414 3307 2498 qui
3346 2435 3487 2478 ma-

1965 2512 2066 2596 gis
2109 2510 2587 2575 intendebatur
2638 2508 3093 2586 metnfuturi
3122 2555 3143 2587 ‚
3210 2512 3488 2596 cognita

1964 2607 2331 2672 Maximini
2361 2607 2741 2672 suecess'oris
2768 2602 3194 2685 crudelitate,
3249 2619 3315 2671 ct
3342 2628 3485 2672 mo-

1960 2705 2149 2768 ribus
2185 2701 2464 2770 rusticis.
2558 2704 2635 2768 In
2676 2704 3297 2768 commemorandis
3344 2709 3485 2789 ejus
3542 2727 3549 2734 ·

1955 2804 2289 2890 principis
2325 2802 2641 2866 laudibus
2675 2800 2927 2889 copiosi
2968 2800 3181 2868 fuere
3207 2800 3481 2888 scripto

1959 2919 2070 2964 res
2106 2914 2372 2964 veteres
2423 2918 2661 2963 omnes
2717 2900 3051 2992 dempto
3034 2897 3478 2976 Herodicum,

1956 2997 2070 3060 sed
2101 3001 2294 3079 cujus
2333 2995 2593 3061 fatente
2624 2996 2766 3082 ipso
2807 2969 3203 3080 Capitolino
3252 2985 3317 3076 ὃ)
3369 3016 3480 3068 co·

1956 3096 2213 3179 gnitum
2250 3094 2425 3158 fuit
2408 3111 2474 3157 tn
2510 3094 2974 3160 Alexandrum
3020 3089 3477 3159 odium.1am

1952 3187 2121 3256 istud
2154 3203 2390 3256 natum
2429 3192 2520 3254 ad
2579 3192 2895 3252 virtutem
2938 3191 3243 3252 animum
3292 3189 3476 3252 lucu-

1951 3288 2131 3351 lente
2177 3286 2475 3372 probat,
2528 3285 2714 3368 quod
2754 3304 3001 3347 annum
3041 3303 3247 3368 agens
3295 3284 3473 3350 XVI.

1952 3384 2041 3447 ad
2096 3384 2425 3445 summum
2499 3378 2833 3465 fastigium
2907 3391 3229 3454 evectus,
3296 3400 3474 3462 quae

1953 3492 2147 3544 aetas
2190 3481 2256 3541 in
2292 3477 2635 3563 plerisque
2678 3476 3009 3538 seniorum
3059 3475 3321 3536 monita
3368 3472 3473 3538 fa.

1953 3575 2170 3654 stidit,
2219 3574 2359 3661 ipse
2407 3573 2608 3640 matri
2659 3569 3101 3634 saluberrima
3142 3572 3469 3652 monenti,

1951 3691 2261 3758 quosque
2318 3669 2443 3738 illa
2490 3670 2678 3734 viros
2744 3666 3081 3754 optimoS‚
3165 3666 3467 3749 jurisque

1949 3767 2418 3836 scientissimos
2454 3768 2525 3831 in
2559 3762 2905 3834 confilium
2936 3762 3248 3827 adhibuit
3271 3807 3291 3840 ,
3346 3762 3463 3827 ob-

1946 3868 2207 3948 secutus
2237 3865 2496 3951 semper
2536 3863 2650 3927 est.
2718 3860 3097 3925 Praeclaris
3137 3860 3240 3923 his
3290 3859 3462 3924 insti-
3511 3907 3543 3920 -.

1944 3965 2107 4029 tutis
2152 3966 2459 4027 nativam
2492 3960 2791 4024 indolem
2832 3953 3314 4040 adjuvantibus
3362 3957 3461 4023 fa·

1947 4075 2128 4126 ctum
2157 4108 2178 4141 ,
2229 4071 2304 4123 ut
2335 4062 2481 4143 jure
2517 4057 2600 4121 iis
2628 4056 3051 4142 principibus
3085 4055 3462 4122 accensere·

1829 4190 1847 4222 .·
1943 4171 2091 4238 tur,
2146 4177 2318 4243 quos
2342 4176 2424 4219 eo
2451 4156 2606 4219 loco
2641 4151 3065 4239 dignissimos
3098 4152 3458 4238 imperium

1941 4252 2024 4322 R.
2063 4267 2359 4324 nactum
2352 4250 2481 4322 est.
2532 4253 2625 4315 Vt
2659 4248 2910 4328 facilis,
2961 4247 3198 4331 comis,
3250 4261 3459 4332 atque

329 4377 340 4388 ⁴
425 4354 822 4420 Alexander
857 4358 927 4420 in
965 4375 1145 4442 pago
1181 4354 1389 4420 Sicila
1415 4373 1634 4443 prope
1672 4352 1857 4419 Rhe·
1937 4351 2238 4418 affabilis
2317 4352 2522 4418 etiam
2585 4368 2750 4435 erga
2810 4344 3081 4411 infimos
3115 4357 3320 4422 erat,
3376 4345 3461 4407 lic

315 4471 486 4517 num
528 4452 623 4517 sui
668 4453 932 4518 securus
980 4472 1024 4517 a
1077 4455 1339 4542 paucis
1330 4452 1689 4518 militibus
1745 4451 1851 4516 in-
1938 4460 2437 4538 utpropterea,
2490 4447 2858 4512 accedente
2890 4443 3157 4530 insuper
3188 4439 3459 4508 formae
3557 4503 3567 4513 ,
3630 4441 3640 4450 “

407 4669 467 4736 a)
501 4665 796 4752 17amprid.
833 4665 1135 4722 Herodian.
1308 4664 1370 4734 b>
1410 4666 1552 4738 Gap.
1591 4667 1686 4727 60.
1746 4721 1753 4728 ,

1855 4667 1903 4730 c)
1939 4665 1978 4716 1.
2016 4682 2062 4719 c.

2239 4662 2301 4730 d)
2338 4665 2397 4715 in
2436 4659 2594 4714 Maxi
2578 4661 2672 4714 uni
2676 4675 2750 4712 no
2790 4674 2838 4718 c.
2881 4671 2963 4725 ²3·
