4242 5459
1406 543 2144 626 SALONINA.

241 749 360 820 tier
381 750 594 831 sedens
634 749 701 820 d.
746 769 993 818 ramum
1033 746 1236 826 oleae,
1268 749 1329 836 s.
1362 746 1611 838 hastam.
1629 750 1779 815 AR.

230 850 376 914 ΛΕ.
416 849 534 913 111.
579 848 778 919 (Mus.
826 847 1017 911 Caes.
1070 847 1316 921 Band.)
1368 874 1373 879 ·

339 947 433 1006 Vt
469 943 784 1008 inulitata
829 942 915 1007 est
959 944 1131 1006 haec
1184 942 1600 1027 epigraphe,
1673 942 1776 1004 ita

238 1041 456 1108 nolim
500 1040 819 1103 arbitrari
863 1060 1014 1103 cum
1058 1035 1774 1113 Vaillantio‚'numos

242 1139 376 1203 hos
426 1134 719 1220 signatos
766 1137 892 1198 effe
940 1155 984 1198 a
1020 1148 1314 1217 tyranno
1356 1136 1681 1217 quopiam
1707 1135 1777 1195 in

250 1232 623 1297 Saloninae
675 1232 1015 1305 dedecm,
1050 1230 1352 1315 ‘perinde
1413 1249 1495 1291 ac
1565 1228 1776 1292 alium

252 1328 647 1410 inscriptum
687 1326 1051 1407 VBlQVE.
1091 1325 1269 1386 PAX
1314 1325 1381 1387 in
1421 1324 1777 1409 opprobri-

255 1444 372 1487 um
415 1422 731 1486 Gallieni.
783 1423 960 1486 Nam
995 1434 1067 1483 ut
1088 1419 1196 1482 hic
1219 1418 1511 1501 Gallieni
1538 1438 1777 1482 numus

252 1519 634 1583 rarissimus
693 1516 818 1595 est,
869 1520 969 1580 ita
1006 1516 1105 1579 illi
1151 1515 1386 1596 obvii,
1455 1529 1522 1578 et
1565 1512 1780 1601 potest

248 1612 427 1676 haec
466 1613 837 1697 epigraphe
858 1613 1108 1699 sensum
1146 1612 1612 1691 commodum,
1665 1630 1777 1672 ne-

251 1728 384 1793 que
413 1704 746 1794 Augustae
767 1707 1014 1771 honori
1051 1706 1364 1786 injurium
1394 1707 1783 1768 admittere.

1006 1799 1035 1832 ἢ

826 1853 856 1885 ἢ
1183 1848 1215 1882 3

464 1892 470 1899 ’
552 1898 644 1966 Vt
681 1898 779 1967 lit.
815 1898 909 1968 A.

254 1992 523 2061 DEAE.
565 1994 1037 2058 SEGETIAE.
1132 1992 1441 2078 Templum
1509 1998 1785 2077 quatuor

256 2093 680 2159 columnarum
705 2139 724 2170 ,
772 2094 952 2156 intra
984 2090 1154 2176 quod
1195 2090 1311 2154 dea
1337 2092 1519 2178 stans
1562 2105 1785 2150 manus

257 2189 504 2256 attoHit.
557 2189 700 2269 AR,
740 2189 880 2250 ΑΕ.
924 2188 1045 2251 111.
1100 2186 1305 2271 (Mus.
1343 2179 1563 2260 Caes.)

359 2286 696 2369 Segevtiam
713 2277 1183 2346 Romanorum
1210 2283 1409 2343 deam
1445 2282 1587 2362 jam
1618 2277 1783 2341 mul-

260 2398 339 2448 to
394 2378 545 2444 cuin
587 2379 718 2442 sale
756 2378 889 2441 rifit
925 2378 1011 2441 D.
1046 2375 1464 2463 Augustinus,
1504 2372 1570 2455 ⁸)
1622 2374 1784 2454 Ejus

264 2481 479 2543 etiam
519 2477 831 2557 meminit
861 2474 1280 2561 Macrobiue.
1318 2460 1375 2550 ¹‘)
1429 2470 1648 2555 Ipsum
1668 2490 1785 2533 no·

259 2594 421 2654 men
455 2574 699 2648 docet,
747 2569 937 2633 fuiss‘e
976 2566 1394 2652 praefectam
1431 2567 1787 2651 segetibus.

258 2671 569 2735 Eandem
604 2667 862 2731 Plinius
908 2665 1217 2752 Segtfiam
1250 2676 1480 2729 vocat.
1526 2661 1592 2746 e)

359 2765 687 2851 vulgavit
722 2764 1114 2826 Harduinus
1164 2765 1232 2824 in
1273 2762 1493 2824 Plinio
1535 2758 1651 2823 suo
1707 2758 1790 2830 L.

265 2865 352 2929 X.
385 2883 453 2948 p.
497 2880 640 2944 570
685 2878 958 2922 numum
1011 2856 1309 2920 Gallieni
1355 2868 1788 2941 argenteum,

271 2977 564 3040 eumque
602 2958 745 3020 aeri
801 2953 1076 3016 incisum
1140 2955 1328 3014 dedit
1382 2953 1525 3015 tab.
1569 2953 1831 3030 vul„-

267 3058 459 3134 cujus
492 3054 550 3115 is
602 3051 909 3115 aversam
966 3049 1050 3112 fic
1101 3046 1456 3111 describit:
1524 3046 1794 3116 DEAE.

266 3148 763 3218 SEGVSANO.
850 3145 1144 3232 Deastat
1182 3145 1463 3231 expansis
1504 3144 1793 3209 manibus

2589 740 2620 774 x

2772 791 2806 825 D

2407 791 2437 824 ἡ

2155 880 2252 949 Vt
2290 876 2388 944 lit·
2418 879 2512 945 Aa

1859 977 2106 1043 IVNO.
2146 974 2354 1042 AVG.
2424 973 2665 1042 Mulier
2681 971 2900 1063 sedens
2938 974 3000 1040 d.
3019 975 3283 1063 florem,
3319 983 3392 1067 s.

1857 1074 2162 1161 infantem
2187 1072 2408 1159 fasciis
2447 1071 2805 1137 involutum.
2859 1072 3003 1136 AR.
3066 1076 3206 1142 ΑΕ.
3261 1078 3380 1141 ΠΒ

1863 1172 2117 1257 (Band.
2167 1168 2340 1232 Mus.
2384 1167 2607 1250 Caes.)

2159 1323 2252 1389 Vt
2286 1324 2382 1395 tit.
2406 1325 2496 1386 A.
3165 1378 3172 1381 .

1859 1419 2204 1483 IVNONI.
2229 1417 2483 1484 CONS.
2518 1412 2732 1483 AVG.
2781 1419 3042 1488 Cervus.
3079 1425 3225 1492 AR.
3248 1425 3391 1495 ΔΕ.

1857 1517 1981 1580 111.
2037 1513 2288 1599 (Ibid.)
3035 1572 3048 1595 ,,

1960 1612 2241 1694 Typum
2290 1610 2478 1672 numi
2551 1610 3022 1696 praecedentis
3083 1618 3385 1705 explica·
3514 1612 3534 1645 '⁸

1859 1721 2003 1771 tum
2058 1708 2220 1768 vide
2291 1707 2359 1768 in
2436 1721 2713 1772 moneta
2759 1708 3090 1777 Lucillae.
3186 1712 3390 1779 Cervi

1860 1802 2063 1867 'causa
2092 1802 2332 1865 Iunoni
2374 1801 2670 1867 adstituti
2706 1808 2910 1870 altius
2944 1807 3031 1869 est
3073 1813 3390 1893 petenda.

1863 1898 2276 1962 Vaillantius
2320 1910 2384 1960 et
2415 1900 2798 1964 Bandurius
2835 1905 2922 1964 ad
2945 1903 3236 1969 Tristani
3263 1908 3396 1971 hac

1865 1996 2060 2079 super
2094 2013 2166 2055 re
2207 1994 2539 2075 judicium
2575 1996 2949 2080 appellant.
3002 2001 3228 2065 Docet
3255 2004 3393 2084 hic,

1863 2100 2232 2175 propterea
2262 2089 2588 2152 Iunonem
2622 2110 2827 2155 cerva
2858 2096 3181 2177 gaudere,
3224 2120 3392 2181 quo.

1862 2186 2046 2247 niam
2068 2181 2228 2245 teste
2258 2181 2685 2249 Callimacho
2705 2177 2767 2268 ἃ)
2802 2207 2953 2250 cum
2976 2190 3205 2254 Diana
3246 2215 3395 2257 cer-

1866 2300 1992 2342 vas
2035 2278 2409 2362 aliquando
2465 2294 2850 2361 venaretur,
2903 2285 3147 2353 harum
3185 2308 3393 2353 unam

1868 2376 2035 2438 Iuno
2065 2378 2209 2457 ejus
2230 2373 2446 2449 furori
2466 2376 2806 2441 subduxit.
2844 2382 2979 2444 Vix
2999 2380 3326 2463 existimo,
3353 2409 3398 2450 a

1868 2471 2070 2534 causa
2108 2491 2351 2555 parum
2388 2474 2684 2558 cognita,
2737 2487 2803 2536 et
2823 2474 3002 2539 forte
3038 2480 3154 2543 uni
3190 2481 3394 2547 Calli-

1870 2567 2119 2630 macho
2155 2581 2537 2632 memorata
2571 2589 2844 2635 cervum
2874 2573 3114 2638 Iunoni
3149 2578 3218 2640 in
3259 2579 3393 2644 hoc

1872 2683 2079 2726 numo
2119 2662 2511 2748 quaefitum.
2562 2666 2734 2730 Eam
2777 2671 3005 2754 potius
3047 2693 3131 2734 ex
3172 2676 3389 2740 notio-

1869 2781 1941 2822 re
1981 2759 2408 2845 mythologia
2441 2765 2805 2846 petendam
2848 2779 3015 2850 puto
3040 2815 3061 2848 ‚
3113 2789 3251 2852 qua
3276 2760 3398 2835 do·

1873 2868 2064 2920 cente
2118 2857 2474 2933 discimus,
2540 2859 2865 2924 Iunonem
2917 2865 3205 2927 eandem
3273 2869 3400 2933 ell'e

1872 2972 2023 3016 cum
2059 2951 2314 3029 Diana,
2368 2973 2518 3017 cum
2542 2968 2777 3040 partus
2802 2958 3168 3025 ministeria
3193 2984 3401 3050 agun.

1873 3061 2001 3111 tur.
2068 3047 2176 3111 Ita
2224 3048 2461 3113 diserte
2500 3050 2783 3117 Cicero:
2822 3059 2877 3133 e)
2929 3056 3398 3127 Lunaatucen-

1874 3143 1953 3209 do
1982 3147 2306 3209 nominata
2321 3169 2350 3225 ‚·
2398 3148 2605 3211 eadem
2643 3151 2717 3236 cst
2747 3154 2905 3215 enim
2942 3154 3203 3220 Lucina.
3255 3160 3400 3223 Ita-

263 3251 448 3312 intra
487 3240 916 3327 triumphalem
949 3260 1185 3307 arcum.
1258 3238 1642 3302 Praesentes
1677 3239 1792 3304 Sa·
1871 3261 1986 3326 que
2012 3250 2085 3303 ut
2099 3240 2271 3324 apud
2305 3244 2578 3310 Graecos
2605 3246 2917 3323 Dianam,
2947 3268 3197 3334 eamque
3219 3252 3399 3318 Luci-

262 3340 544 3408 loninae
596 3358 833 3401 numos
886 3359 1039 3401 cum
1085 3332 1420 3400 Harduihi
1459 3335 1795 3399 iconismo
1863 3338 2078 3424 seram
2107 3382 2127 3412 ,
2161 3339 2251 3420 fic
2286 3340 2459 3421 apud
2493 3342 2733 3426 nostras·
2767 3344 3068 3408 Iunonem
3098 3346 3404 3412 Lucinam

264 3434 781 3505 conferentibus
858 3432 1063 3498 facile
1141 3429 1564 3521 manifestum
1640 3430 1795 3509 fiet,
1876 3436 1943 3496 in
1979 3432 2285 3517 pariendo
2323 3437 2655 3514 invocant,
2708 3457 2865 3524 quae
2913 3441 3121 3504 eadem
3183 3443 3410 3510 Diana

172 3566 187 3573 -
268 3551 640 3622 perperam
678 3528 766 3592 ab
817 3532 1081 3593 erudito
1124 3528 1259 3591 hoc
1313 3522 1465 3590 viro
1544 3528 1792 3590 lectum
1875 3531 2201 3611 annivaga
2240 3527 2487 3593 dicitur.
2561 3531 2744 3618 Lege
2779 3535 2984 3596 etiam
3013 3581 3032 3612 ,
3086 3556 3260 3619 quae
3302 3540 3407 3602 se..

270 3627 747 3695 SEGVSANO
784 3646 905 3710 pro
947 3623 1419 3689 SEGETIAE.
1519 3625 1625 3688 Ex
1662 3624 1795 3688 hoc
1879 3636 2196 3709 quuntur.
2248 3623 2479 3706 Quare
2513 3644 2667 3688 cum
2704 3629 2774 3691 in
2812 3628 2947 3692 hoc
2990 3651 3196 3696 numo
3234 3636 3402 3701 Iuno

273 3741 508 3791 tamen
560 3723 815 3787 indicio
850 3720 1014 3785 istud
1078 3720 1551 3805 intelligimu5‚
1618 3721 1795 3784 hanc
1881 3722 2149 3785 dicatur
2194 3720 2621 3807 conservatrix
2664 3725 3026 3811 Augustae,
3116 3750 3402 3817 eamque

274 3823 481 3887 deam
518 3840 653 3884 non
688 3832 949 3903 tantum
989 3817 1357 3882 Saloninae
1392 3810 1641 3894 numia,
1683 3816 1794 3879 sed
1884 3805 2250 3902 praecipue
2293 3818 2360 3878 in
2405 3830 2602 3901 partu
2660 3819 2776 3884 fibi
2821 3823 3237 3906 praesentem
3290 3850 3404 3894 ve,

281 3918 511 4009 mariti
549 3919 755 3980 etiam
795 3914 985 3979 suill‘e
1028 3914 1330 3990 illatam,
1382 3911 1491 3975 etsi
1543 3913 1608 3973 in
1636 3911 1794 3976 Gal·
1882 3915 1977 4003 lit·
2004 3912 2369 3990 Salonina,
2423 3913 2682 3999 placuit
2708 3938 2835 4003 pro
2886 3938 3159 4004 pavone
3208 3924 3401 3990 adstiss
3451 3974 3476 3999 =.

270 4016 462 4078 lieno
511 4012 886 4077 rarissimos
943 4011 1069 4074 effe
1111 4020 1466 4095 oporteat,
1524 4000 1685 4075 'cum
1731 4029 1787 4071 e·
1878 4022 2075 4072 tuere
2124 4028 2437 4088 cervum,
2513 4024 2583 4073 ut
2626 4032 2760 4077 non
2815 4017 2983 4079 Iuno
3020 4019 3255 4102 regina
3302 4026 3398 4087 in-

273 4116 382 4194 jus
464 4108 738 4172 similem
806 4128 1025 4191 neque
1096 4106 1518 4185 BanduriuS,
1575 4124 1793 4191 neque
1875 4106 2326 4190 telligeretur,
2378 4105 2490 4170 sed
2537 4107 2844 4193 Lucina,
2917 4134 3093 4198 quac
3163 4121 3412 4185 eadem

275 4207 349 4269 T
353 4207 613 4269 aninius
637 4224 923 4289 usquam
969 4202 1454 4286 conspexerint.
1554 4206 1565 4217 ‘
1875 4221 2027 4267 cum
2078 4201 2334 4269 Diana.

268 4367 3413 4404 ’.Μ

350 4445 407 4503 a)
444 4442 515 4497 de
550 4447 652 4496 eir.
690 4443 802 4494 Dei
839 4443 905 4506 L,
942 4444 1049 4501 lv,
1087 4459 1133 4494 ο.
1170 4452 1220 4502 3.
1415 4440 1473 4508 b)
1511 4441 1731 4501 Saturn,
1768 4440 1832 4492 L.
1870 4441 1915 4492 Ι.
1957 4459 2005 4504 e,
2044 4444 2128 4498 16.
2334 4446 2388 4516 e)
2424 4445 2491 4499 L.
2528 4448 2746 4502 XVffl.
2783 4453 2815 4522 §
2853 4467 2906 4512 α,

980 4514 1034 4581 e)
1071 4509 1142 4566 dc
1177 4510 1307 4565 Nat.
1345 4508 1499 4568 deor.
1533 4510 1605 4575 1..
1637 4511 1719 4581 fl.-
1755 4527 1802 4564 c.
1845 4525 1931 4579 ²7·
3098 4452 3156 4525 d)
3196 4457 3408 4528 nyma»

268 4522 338 4572 in
372 4513 546 4568 Dian.
586 4530 641 4575 v.
684 4530 806 4583 ¹⁰5·

2738 4592 3011 4686 Ggga
3139 4644 3142 4647 -
