4242 5459
1467 497 2326 684 spon'siAst.

311 771 541 826 antur.
575 757 767 822 Vide
793 756 1336 838 etiamjtadicium
1374 763 1459 829 cl.
1498 764 1836 831 Neuman·

313 859 416 932 ni,
466 858 581 941 qui
611 867 967 941 praeterea
998 857 1194 938 hujus
1224 863 1408 926 numi
1431 863 1836 928 iconismum

309 952 529 1017 dedit.
568 951 633 1033 ⁸)
686 951 921 1028 Addo,
975 965 1330 1039 utrumque
1365 955 1676 1021 nostrum
1666 978 1837 1022 mu·

309 1045 410 1162 <sei
430 1044 748 1113 Caesarei
775 1061 1048 1111 numum
1069 1068 1260 1113 anno
1279 1072 1359 1140 17
1376 1076 1395 1117 ι
1412 1075 1454 1137 3
1493 1065 1836 1145 repertum

3313 593 3402 662 8⁴
3422 604 3446 643 ί

1918 761 2108 828 fuiss‘e
2141 763 2206 826 in
2233 763 2570 827 consortio
2609 782 2760 831 cum
2784 767 3001 832 tribus
3032 769 3255 833 aureis
3290 770 3440 835 bar-

1922 862 2106 926 baris
2138 861 2353 945 gentis
2396 861 2752 940 Plautiae,
2805 877 2872 928 et
2923 864 3220 929 laudatis
3279 887 3441 931 mox

1920 955 2232 1020 barbaris
2286 953 2617 1020 Gordiani
2659 970 2727 1023 et
2770 959 3095 1108 Philippi

1597 1245 2155 1315 PRETIVM.

506 1431 677 1500 Sunt
725 1447 990 1536 tantum
1042 1423 1275 1523 aur'ei,
1326 1411 1538 1526 iique

2077 1474 2127 1500 -κ
2280 1479 2305 1493 -
2476 1477 2503 1492 -
3091 1437 3305 1539 ΗΒΕ..

1579 1723 2181 1828 MONJTVM.

415 1919 679 1982 &evum
721 1916 1108 2005 ingredior,
1180 1944 1226 1988 a
1291 1943 1426 2008 quo
1484 1923 1831 1990 Anselmus

311 2013 698 2078 Bandurius
719 2015 1209 2102 imperatorum
1234 2028 1477 2084 nu'mos
1509 2019 1832 2104 describe-

312 2128 389 2173 re
419 2111 690 2173 exorsus
719 2110 828 2174 est.
879 2112 1100 2176 Nemo
1142 2117 1271 2178 erit
1288 2161 1319 2190 ,.
1363 2117 1477 2199 qui
1515 2134 1651 2176 non
1682 2136 1831 2179 eru-

311 2206 440 2268 diti
464 2206 657 2313 liujus
699 2209 768 2269 vi
808 2208 826 2269 i
863 2209 1283 2294 propofitum
1320 2211 1670 2272 Herculeis
1707 2210 1830 2273 hu-

255 2336 260 2341 ·
311 2301 517 2363 meris
541 2228 822 2387 digami·
869 2315 936 2365 et
957 2307 1336 2369 admiretur
1372 2318 1441 2368 et
1473 2305 1831 2370 vehemen-

309 2407 417 2459 ter
458 2397 816 2481 adprobet.
871 2401 963 2461 At
1001 2421 1200 2464 nemo
1235 2403 1363 2465 erit
1398 2402 1658 2478 etiam,
1716 2404 1829 2486 qui

308 2511 449 2580 non
486 2490 791 2556 fateatur
834 2494 1010 2557 ultro
1040 2541 1059 2573 ,
1132 2498 1199 2560 in
1246 2499 1653 2583 praegrandi
1697 2497 1832 2562 hoc

308 2607 522 2673 opere
557 2589 851 2673 plurima
917 2593 1246 2657 contineri
1301 2591 1681 2679 superflua,
1767 2607 1835 2657 et

311 2682 786 2768 philologiam,
843 2701 1124 2773 propter
1166 2710 1369 2774 quam
1413 2689 1584 2752 haec
1623 2688 1835 2754 studia

301 2789 711 2858 <tractamus,
765 2801 1005 2867 parum
1034 2788 1365 2862 juvantia.
1420 2785 1597 2849 Nam
1632 2807 1831 2870 quor-

303 2873 458 2937 sum
489 2877 767 2939 tandem
809 2878 1128 2957 molesta,
1173 2895 1385 2965 atque
1438 2883 1528 2943 ad
1583 2880 1830 2945 fastidi-

311 2988 429 3034 um
491 2990 837 3036 recurrens
894 2975 1200 3055 ejusdem
1229 2981 1240 2987 “
1265 2977 1450 3039 numi
1516 2965 1830 3060 repe‘titio

313 3067 542 3151 exigui
574 3068 969 3132 discriminis
999 3072 1225 3151 causa,
1279 3073 1460 3155 quod
1492 3073 1678 3150 nullo
1718 3075 1831 3136 de·

305 3163 629 3226 trimento
653 3162 900 3227 licebat
922 3166 1235 3251 ignorare
1255 3170 1285 3228 2
1336 3167 1542 3249 Atqui
1577 3179 1643 3228 et
1667 3166 1832 3230 limi-

301 3256 374 3320 -le
405 3254 752 3320 fastidium
786 3261 856 3321 in
876 3262 1231 3345 vul-gaudis
1253 3262 1709 3325 marmoribus
1731 3264 1832 3324 in·

306 3349 591 3415 utilibus
624 3355 893 3417 tandem
912 3358 1116 3420 etiam
1143 3358 1429 3440 pervasit
1446 3358 1832 3442 Scipionem

306 3443 696 3514 Maffeium.
749 3449 1030 3537 Diffiteri
1054 3455 1298 3539 quidem
1329 3473 1577 3537 nequeo,
1629 3455 1751 3527 ait,
1774 3443 1830 3531 b)

299 3545 567 3607 nimium
593 3546 663 3607 in
683 3542 791 3609 Ju’s
810 3547 1003 3612 reb-us
1032 3550 1421 3634 quorundam
1444 3550 1833 3632 diligentiam

296 3640 658 3723 procedere,
712 3662 815 3707 res
837 3642 1015 3707 nihili
1056 3648 1121 3708 in
1144 3645 1329 3710 lucem
1337 3645 1649 3729 publicam
1669 3667 1826 3728 pro-

290 3735 662 3820 ferentium.
712 3739 945 3803 Tanto
980 3742 1197 3826 magis
1240 3742 1443 3824 mibi,
1516 3742 1629 3823 qui
1694 3760 1828 3802 non

305 3832 694 3918 catalogum
737 3854 1092 3898 numorum
1139 3849 1438 3900 veterum
1465 3883 1485 3914 ,
1553 3836 1663 3899 sed
1704 3838 1823 3899 do·

300 3927 593 3989 ctrinam
631 3928 917 3994 scribere
949 3934 1282 4016 aggrell'us
1317 3935 1455 3995 sum
1480 3979 1500 4010 ,
1553 3933 1821 4017 permis-

299 4017 450 4082 sum
494 4025 775 4107 putabo,
826 4028 1165 4111 negligere
1207 4048 1325 4109 eos
1371 4049 1650 4104 numoS,
1705 4029 1823 4110 qui

293 4115 396 4178 ad
431 4117 808 4184 doctrinam
856 4122 1024 4185 nihil
1073 4123 1448 4188 conferunt.
1551 4126 1820 4187 Tamen

1913 1947 2152 1989 aurum
2211 1926 2419 2011 possit
2472 1946 2561 1991 ex
2605 1927 2711 1990 his
2761 1926 2990 1990 scoriis
3055 1926 3439 2000 secernere,

1887 2042 2048 2085 non
2105 2022 2447 2106 possumus
2533 2023 2802 2108 egregio
2859 2022 3250 2094 Bandurio,
3320 2022 3439 2103 qui

1911 2128 2054 2178 tam
2106 2119 2395 2179 arduum
2440 2116 2553 2181 sibi
2610 2117 2919 2179 laborem
2978 2115 3435 2199 imposuerat,

1912 2231 2049 2275 non
2098 2212 2440 2285 maximas
2483 2212 2738 2274 habere
2769 2211 3046 2293 gratias,
3119 2216 3208 2272 At
3257 2211 3441 2274 enim
3524 2209 3537 2227 ⁶

1914 2304 1956 2367 n
2006 2307 2195 2385 laudi
2230 2304 2402 2383 fuit,
2455 2326 2671 2391 neque
2704 2304 3151 2370 minutissima
3200 2304 3283 2365 in·
3318 2322 3443 2367 nu-

1912 2403 2039 2465 mis
2084 2402 2484 2486 neglexiss'e,
2557 2421 2692 2465 non
2754 2421 2891 2485 ego,
2925 2398 3435 2485 ,reprehenden-

1916 2498 2081 2576 duS,
2139 2496 2180 2559 fi
2218 2519 2303 2561 ea
2344 2498 2661 2583 deinceps
2690 2509 2962 2560 *tantum
3020 2513 3439 2580 commemo·-

1912 2614 2202 2669 ravero,
2254 2613 2432 2676 quae
2471 2596 2605 2656 arti
2637 2591 2897 2656 nostrae
2949 2589 3260 2677 proficua
3310 2589 3439 2652 effe
3476 2589 3483 2594 ’

1911 2689 2336 2772 intellexero,
2389 2700 2594 2773 atque
2632 2687 2798 2752 istud
2822 2689 3174 2773 parciore,
3229 2705 3434 2771 quam

1911 2786 2204 2849 antehac
2233 2833 2252 2862 ,
2307 2787 2583 2870 dilectu,
2633 2785 2796 2869 quia
2834 2785 3097 2868 reliqua
3138 2784 3433 2867 impera·

1908 2894 2136 2947 torum
2171 2894 2487 2969 moneta,
2540 2894 2614 2944 ut
2655 2888 2940 2944 numero
2994 2876 3081 2941 eli
3127 2877 3435 2958 infinita,

1908 2977 1994 3040 fic
2028 2979 2246 3041 minus
2300 2976 2688 3063 frequenter
2764 2978 3135 3061 quidquam
3196 2972 3445 3051 offert,

1909 3067 2094 3155 quod
2137 3076 2205 3137 in
2264 3091 2738 3159 quamcunque
2777 3086 3044 3158 partem
3095 3071 3435 3156 sivepro-

1912 3168 2029 3244 sit,
2103 3166 2235 3231 [ive
2319 3170 2629 3233 delectet.
2749 3168 2907 3250 Quo‘
2957 3170 3027 3246 in
3086 3164 3435 3251 propoiito

1911 3261 2209 3325 sedulam
2248 3263 2431 3326 dabo
2482 3283 2811 3347 operam,
2881 3283 2964 3325 ne
3018 3273 3434 3326 commenta-

1907 3358 2047 3420 rios
2087 3377 2277 3420 meos
2307 3355 2678 3442 quidquam
2721 3356 3041 3442 effugiat,
3095 3356 3276 3439 quod
3314 3375 3431 3415 va·

1909 3451 2044 3528 lere
2080 3451 2168 3513 ad
2208 3452 2629 3537 philologiae
2683 3451 2894 3514 studia
2938 3450 3196 3541 possit,
3241 3425 3437 3507 nihil·

1908 3567 2038 3630 que
2077 3550 2220 3629 ejus
2259 3551 2519 3631 generis
2586 3548 2673 3628 ii,
2727 3546 2840 3628 qui
2894 3545 2965 3605 in
3031 3555 3174 3604 arte
3214 3533 3435 3605 nostra

1908 3661 2148 3708 veram
2204 3643 2604 3714 utilitatem,
2661 3659 2795 3703 non
2825 3638 3049 3702 otiosa
3080 3636 3437 3719 sectantur,

1907 3747 1951 3800 a'
2001 3758 2109 3799 me
2161 3736 2693 3821 praetermiss'um
2766 3735 3020 3821 possint
3081 3735 3430 3821 conqueri.

1908 3835 2317 3900 Monendum
2353 3825 2686 3917 denique,
2738 3853 2847 3895 me
2880 3850 3070 3895 more
3099 3848 3256 3894 meo
3291 3830 3432 3894 nul

1904 3928 2043 3993 lam
2070 3930 2401 3993 rationem
2435 3929 2827 3992 habiturum
2867 3926 3291 4012 singularium
3318 3945 3433 3988 eo·

1905 4045 2051 4088 rum
2097 4045 2503 4101 numorum,
2593 4044 2766 4108 quos
2833 4023 3215 4088 Bandurius
3276 4042 3317 4085 a
3367 4023 3431 4084 se

1904 4141 2039 4184 non
2080 4122 2517 4206 conspectoS‚
2585 4120 2694 4183 sed
2745 4138 2832 4188 ex
2892 4120 3187 4184 aliorum
3249 4132 3433 4180 cata

291 4230 455 4274 eum
491 4215 559 4276 in
604 4218 790 4279 omni
829 4217 1149 4282 scientiae
1216 4241 1457 4304 genere
1510 4220 1820 4284 habean-
1901 4216 2212 4303 logorum
2253 4216 2424 4294 fide,
2474 4214 2662 4279 velut
2702 4214 3179 4310 Mediobatbi‚
3235 4214 3429 4297 operi

286 4307 409 4377 tur
446 4311 659 4394 multa
698 4313 923 4397 exigui
978 4313 1057 4385 in
1111 4316 1396 4424 speciem
1456 4317 1821 4392 momenti,

285 4415 370 4466 et
410 4403 689 4470 existere
718 4410 978 4492 possit
959 4413 1299 4495 ingenium
1337 4411 1582 4497 sagax,
1638 4412 1823 4495 quod

1903 4312 2020 4376 suo
2065 4312 2344 4377 insertos
2386 4312 2624 4390 voluit.

356 4613 429 4682 a.)
462 4611 641 4667 Numi
671 4632 814 4690 pop.
838 4616 914 4710 P.
953 4617 1034 4678 11.
1071 4636 1128 4689 p,
1173 4636 1285 4690 139.

1476 4620 1537 4690 b)
1579 4579 1721 4687 Mus.
1760 4626 1973 4683 Veron.
2004 4642 2064 4697 p.
2107 4638 2228 4694 251.
