4242 5459
1073 580 1774 666 PRINCIPES
1874 582 2238 661 PALM
2265 580 2636 662 YRAE.

833 782 839 787 ’
924 792 982 868 5.
1084 784 1173 856 Π.

493 934 596 1001 De
644 936 1010 1006 Vabalatbo
1059 953 1118 1008 et
1165 943 1592 1013 Athenodoro.

376 1058 800 1136 Froelichius
837 1090 904 1139 et
940 1078 1373 1159 Penerinius,
1426 1102 1578 1145 oum
1615 1083 1799 1146 vide-

280 1177 431 1226 rent
473 1166 933 1235 Vabala'thum
984 1172 1204 1238 riumis
1258 1177 1362 1241 his
1413 1177 1799 1261 inscriptum

280 1259 350 1320 in
393 1262 548 1324 aliis
620 1265 754 1326 dici
829 1268 1256 1336 Vabatathum
1296 1272 1800 1351 Athenodorum,

281 1353 453 1437 (Lit.
497 1357 583 1442 Ι.)
622 1362 689 1422 in
742 1362 893 1426 aliis
924 1364 1348 1433 Vabnlatlmm
1408 1368 1801 1436 Athenodori

284 1450 398 1528 F„
449 1454 609 1516 item
645 1459 712 1518 in
745 1459 897 1523 aliis
936 1464 1147 1529 ATT.
1196 1467 1275 1529 K.
1304 1466 1516 1541 CGB„
1568 1468 1634 1526 in
1676 1466 1797 1528 ali·

282 1546 340 1606 is
384 1559 645 1613 tantum
682 1556 926 1632 ATT„
977 1559 1229 1621 rursum
1290 1564 1358 1624 in
1434 1563 1586 1624 aliis
1635 1581 1792 1646 pro-

281 1644 447 1723 poni
499 1642 678 1707 facie
748 1651 1035 1731 puerili,
1101 1654 1171 1716 in
1241 1658 1394 1719 aliis
1450 1656 1790 1735 barbata,

229 1752 240 1760 ·
278 1734 347 1797 in
387 1736 493 1799 his
528 1743 752 1823 capite
788 1744 1137 1823 laureato,
1191 1749 1258 1813 in
1310 1750 1444 1815 iuis
1479 1752 1789 1815 laureato

274 1826 468 1894 fimul
505 1847 574 1896 et
618 1838 1054 1915 diademato,
1104 1842 1417 1931 suspicari
1465 1866 1791 1933 coepere,

279 1926 453 1989 duos
492 1926 876 1996 statuendos
915 1937 1372 2018 Vabalathos,
1420 1944 1596 2004 inter
1619 1962 1792 2024 quos

278 2023 629 2088 divide-ndi
664 2028 871 2091 ess‘ent
902 2033 1085 2093 numi
1119 2034 1490 2101 Vabalathi
1520 2039 1793 2098 nomine

276 2118 595 2203 inscripti.
695 2122 989 2206 Conjicit
1051 2128 1252 2211 igitur
1328 2130 1791 2207 Froelichiua,

274 2212 521 2276 horum
562 2230 773 2295 unum
807 2219 996 2283 fniss'e
1043 2223 1466 2290 Vabatathum
1514 2226 1794 2291 Atheno-

274 2308 499 2374 dorum
536 2306 1130 2386 OdenatMium
1190 2320 1531 2384 Zenobiae
1578 2324 1797 2407 privi-

275 2426 522 2490 gnum,
605 2415 790 2490 cujus
845 2416 1117 2476 nomine
1185 2416 1560 2479 Zenobiam
1628 2419 1794 2480 sum·

278 2500 842 2589 'psiss'einiperium
864 2506 1071 2571 refert
1092 2512 1441 2595 VopiscuS,
1493 2525 1561 2575 et
1595 2533 1796 2595 quem

279 2595 574 2662 offerunt
608 2605 795 2664 numi
838 2602 951 2667 sub
981 2605 1032 2667 Ι.
1073 2607 1427 2693 descripti,
1480 2620 1548 2671 et
1587 2610 1796 2672 alium

280 2692 473 2773 hujus
523 2692 734 2760 filium
766 2746 784 2775 ,
839 2720 1038 2783 quem
1096 2716 1350 2767 vocant
1394 2707 1581 2767 numi
1634 2705 1797 2771 Her·

274 2791 487 2867 mium,
546 2795 808 2877 (potius
828 2794 1121 2878 Sroiam)
1160 2799 1229 2865 V
1224 2798 1577 2865 abalathum
1598 2802 1797 2867 Athe-

282 2886 510 2951 nodori
563 2892 638 2955 F.
688 2892 867 2975 patri
933 2896 1002 2956 in
1068 2897 1359 2979 imperio
1429 2898 1796 2978 soci'atum,

285 3001 689 3068 quocunque
718 2988 789 3049 id
832 3004 1111 3052 auctore
1164 2990 1446 3055 factum.
1498 2993 1686 3055 Patri
1724 3013 1795 3056 a·

279 3078 847 3146 deotribuendos
890 3105 1129 3149 numos
1158 3133 1177 3161 ,
1230 3089 1296 3149 in
1335 3087 1581 3169 quibus
1637 3109 1793 3173 pro·

274 3165 540 3241 {rectior
594 3189 785 3241 aetas
834 3180 1207 3257 indicatur,
1272 3181 1464 3258 filio,
1533 3184 1602 3245 in
1650 3186 1793 3269 qui-

274 3267 402 3332 bus
437 3272 736 3354 puerilis,
817 3272 987 3338 Cum
1022 3278 1410 3341 Froelichio
1454 3274 1599 3340 fere
1637 3299 1792 3343 con·

272 3364 473 3428 sentit
507 3366 927 3434 Pellerinius.
981 3378 1203 3455 Atque
1239 3373 1413 3437 haec
1451 3392 1676 3458 pauca
1707 3394 1791 3439 ex

268 3457 629 3525 fufioribus
664 3465 1008 3551 utriusque
1056 3470 1559 3533 commentariis
1598 3489 1792 3532 exce·

269 3555 436 3640 piss'e
474 3555 801 3636 sufficiat,
855 3566 1014 3645 quin
1062 3566 1323 3629 animus
1356 3566 1520 3627 mihi
1550 3564 1625 3629 fit
1670 3586 1791 3647 op-

267 3654 567 3736 ponendi
592 3703 610 3731 ‚
666 3675 844 3740 quae
882 3659 1103 3723 multa
1126 3661 1475 3724 adversum
1504 3681 1609 3738 ea,
1647 3663 1791 3746 qui·

266 3745 395 3811 bus
432 3749 827 3816 sententiam
868 3754 1051 3817 suam
1122 3753 1412 3820 stabilire
1468 3759 1789 3838 nituntur,

3271 606 3409 677 495

1891 789 2280 869 conjectura
2315 785 2633 865 Corfinii,
2708 781 2822 867 qui
2866 781 3250 862 censuerat,
3300 783 3417 851 fu..

1887 885 2002 948 iss'e
2039 883 2504 947 Vabalathum
2540 881 2753 944 filium
2809 879 3116 942 Athenae
3158 894 3227 944 et
3279 885 3406 946 Ze-

1888 980 2185 1056 nobiae,
2238 999 2415 1063 quae
2467 997 2710 1062 nempe
2763 974 2889 1036 -iuo
2929 974 3254 1041 defuncto
3298 976 3416 1049 ah,-

1886 1078 2051 1138 terin
2112 1075 2363 1160 nuptiis
2443 1071 2806 1138 Odenatho
2881 1072 3287 1140 adhaeserit.
3337 1071 3400 1155 θ)

1886 1169 2066 1234 Istud
2116 1190 2325 1233 unum
2398 1190 2485 1233 ex
2557 1170 2661 1231 hie
2728 1178 2982 1231 certum
3058 1179 3399 1254 tenemus,

1892 1267 2408 1329 Athenodorum
2459 1286 2541 1329 ac
2598 1261 3058 1327 Vabalathum
3127 1262 3402 1346 Palmy..

1888 1382 2090 1425 renos
2129 1361 2320 1426 fuiss'e
2365 1362 2741 1449 principa,
2793 1370 2861 1422 et
2928 1378 3013 1421 ex
3055 1358 3403 1424 Odenathi.

1885 1456 2179 1524 familia.
2309 1502 2394 1523 -.
2537 1504 2546 1515 -

2508 1556 2566 1633 ς.
2661 1549 2784 1617 ΙΙΙ.

1886 1684 1895 1693 ’
1948 1707 2049 1775 De
2094 1727 2423 1775 numerum
2471 1704 2695 1772 horum
2735 1702 2959 1791 patria
3008 1715 3068 1770 et
3114 1711 3338 1777 aetate.
3394 1804 3398 1809 ι

1898 1836 1905 1843 ’
1980 1846 2241 1908 Numos
2277 1841 2473 1920 huius
2503 1841 2791 1926 generis,
2843 1841 2957 1923 qui
2981 1816 3242 1906 Graece
3263 1842 3405 1911 sunt

1883 1941 2220 2024 inscripti,
2294 1937 2419 1999 ess'e
2493 1936 2993 2013 Alexandriae,
3097 1951 3277 2003 certe
3331 1942 3402 2004 in

1885 2039 2206 2117 Aegypto
2251 2030 2629 2116 percuss‘oS,
2717 2030 2931 2092 multa
2982 2033 3266 2114 docent,
3337 2048 3407 2100 et

1882 2129 2175 2214 primum
2219 2126 2491 2209 quidem
2527 2122 2831 2199 fabrica,
2904 2145 3078 2208 quae
3125 2129 3191 2190 in
3249 2130 3404 2193 Ale-

1882 2223 2234 2287 xandrinis
2265 2238 2607 2303 nunquam
2644 2217 2867 2300 fallit,
2935 2221 3178 2284 deinde
3212 2228 3400 2306 quod

1885 2319 2043 2382 anni
2080 2317 2348 2402 imperii
2387 2315 2727 2377 adduntur
2768 2314 3075 2398 praefixo
3110 2318 3166 2378 L
3210 2338 3400 2382 more

1880 2417 2039 2479 inde
2080 2413 2172 2478 ab
2206 2408 2499 2497 Augusto
2541 2411 2612 2475 in
2647 2431 2731 2472 ea
2783 2412 3059 2495 regione
3096 2427 3399 2499 recepte,

1881 2512 2175 2593 denique
2215 2508 2401 2592 quod
2438 2506 2801 2569 Aureliano
2836 2507 3214 2592 imperante
3253 2511 3403 2574 nul·
3531 2580 3536 2585 ,

1880 2607 1957 2671 liv
1990 2610 2131 2687 jam
2186 2605 2479 2688 amplius
2535 2604 2719 2664 numi
2800 2599 3044 2666 Graeci
3103 2619 3399 2689 praeter·

1880 2722 2088 2788 quam
2130 2703 2196 2763 in
2231 2701 2551 2783 Aegypto
2591 2696 2822 2783 [ignati
2866 2697 3028 2761 sunt,
3098 2701 3400 2766 Vabala-

1876 2801 1979 2863 thi
2012 2816 2254 2861 numos
2298 2792 2606 2873 Latinos,
2647 2796 2762 2875 qui
2823 2813 3099 2857 comma
3144 2797 3396 2863 Roma-

1878 2917 2035 2958 num
2073 2894 2460 2966 imitantur,
2542 2889 2894 2952 verifimile
2957 2890 3045 2954 est
3107 2892 3398 2977 [ignatoo

1875 2991 2066 3055 fuiss'e
2106 2986 2535 3063 Antiochiae,
2589 3005 2793 3067 quam
2829 2982 3060 3050 stetiss'e
3096 2989 3161 3050 in
3185 2992 3396 3055 Zeno·
3529 3000 3548 3021 '

1877 3088 2034 3152 biae
2080 3082 2407 3170 potestate
2448 3102 2535 3144 ex
2581 3081 2844 3146 Zosimo
2890 3082 3224 3148 discimus.

1970 3184 2224 3245 Eorum
2247 3190 2544 3241 aetatem
2572 3177 2866 3260 inscripti
2905 3177 3207 3260 dupiices
3239 3184 3400 3245 anni

1873 3277 2146 3363 imperii
2179 3287 2323 3337 tam
2367 3269 2743 3346 Aureliani,
2792 3290 2997 3354 quam
3024 3271 3399 3341 Vabalathi

1874 3374 2193 3458 produnt.
2229 3367 2540 3435 Vidimus
2575 3365 2791 3443 in-his,
2817 3385 3066 3431 annum
3092 3370 3395 3433 Aurelia·

1872 3471 1939 3534 ni
1961 3472 2019 3530 A
2042 3463 2350 3548 coniungi
2372 3480 2551 3525 anno
2577 3461 2996 3524 Athenodori
3012 3475 3079 3524 et
3098 3463 3393 3529 Vabala.

1872 3565 1973 3628 tbi
1996 3568 2075 3644 Δ,
2096 3573 2164 3624 et
2181 3577 2428 3623 annum
2454 3557 2871 3620 AurelianiB
2892 3577 3043 3621 cum
3067 3579 3240 3622 anno
3259 3563 3394 3624 Vaa

1875 3659 2138 3725 balathi
2162 3657 2232 3735 Ε,
2264 3666 2331 3718 et
2351 3653 2433 3716 fic
2453 3654 2504 3716 Γ
2520 3671 2679 3715 cum
2698 3673 2755 3730 ς,
2781 3664 2848 3715 et
2870 3657 2924 3718 Δ
2945 3671 3097 3717 cum
3138 3654 3209 3721 Z.
3251 3652 3390 3720 Du-

1874 3756 2057 3820 bium
2100 3773 2240 3817 non
2277 3747 2389 3831 est,
2443 3751 2651 3810 etiam
2694 3769 2908 3827 annos
2955 3754 3218 3831 imperii
3257 3754 3388 3815 VJ.

262 3844 524 3927 poss'ent
564 3850 844 3933 opponi.
898 3852 1073 3915 Mihi
1108 3852 1261 3915 sane
1321 3855 1388 3917 in
1442 3852 1550 3915 his
1604 3866 1787 3917 tene·
1868 3850 2134 3915 balathi
2190 3850 2281 3913 ad
2340 3863 2600 3907 morem
2658 3845 3150 3953 Aegyptiorum
3200 3844 3391 3915 fuiss'e
3435 3860 3446 3867 '

260 3937 406 4002 bris
437 3984 457 4014 ,
512 3947 755 4024 quibus
796 3946 992 4028 hujus
1035 3950 1280 4012 aetatis
1322 3948 1593 4012 historia
1637 3949 1787 4011 scri·
1868 3960 2193 4023 exactor„
2245 3944 2331 4008 fic
2377 3953 2454 4004 ut
2506 3940 2581 4002 hi
2643 3940 2753 4049 die
2809 3942 3054 4006 XXIX.
3113 3944 3392 4052 nugusti

262 4045 535 4118 ptorum
577 4039 746 4099 vitio
780 4041 1055 4108 laborat
1084 4094 1103 4123 ,
1173 4066 1475 4130 quasque
1535 4046 1786 4129 reperti
1862 4046 2292 4108 iterarentur.
2344 4039 2522 4121 Ergo
2542 4054 2865 4145 quon-mm
2897 4038 3241 4102 Aureliani
3271 4061 3387 4103 ³¹¹-

261 4129 593 4194 hactenus
646 4130 1206 4217 Palmyrenorum
1247 4142 1630 4227 principum
1669 4160 1784 4202 nu·
1865 4161 1989 4204 nus
2023 4144 2121 4217 A,
2173 4150 2249 4201 ut
2282 4137 2397 4200 suo
2447 4133 2605 4194 loco
2663 4133 3003 4209 diximus,
3073 4139 3392 4199 currebat

260 4227 354 4287 mi
396 4244 530 4290 non
581 4226 734 4291 satis
782 4224 1131 4314 dispellunt
1160 4283 1179 4312 ‚
1231 4228 1469 4301 omnis‘
1502 4236 1783 4300 nimium
1865 4249 2019 4300 ante
2058 4237 2312 4297 dictum
2374 4227 2555 4295 diem
2606 4229 2888 4297 anniv.
2927 4229 3004 4294 C.
3071 4249 3250 4311 ¹⁰23
3311 4232 3390 4293 P.

254 4319 488 4383 I'e‘dnla
528 4322 863 4406 inquisitio
894 4333 1219 4412 temporis
1261 4344 1326 4395 et
1361 4334 1640 4396 chartae
1680 4335 1785 4413 ja·
1863 4334 1947 4396 X.
2009 4348 2151 4412 270
2181 4378 2202 4413 ,
2266 4325 2520 4393 neceffe
2600 4323 2723 4402 est,
2814 4327 3057 4389 ‘Odem
3116 4345 3390 4418 ‘1¹:¹⁰qst‘

254 4426 452 4478 etura
491 4416 799 4486 habetur.
852 4423 1112 4486 Eodem
1152 4425 1307 4488 loco
1352 4431 1657 4513 putanda
1698 4425 1788 4491 est
1860 4440 2173 4514 tempore
2234 4421 2491 4489 fluxiss'e
2560 4419 2934 4485 Vabalathi
2977 4440 3225 4484 annum
3285 4426 3339 4487 Δ
3366 4472 3390 4506 ,

242 4546 3386 4603 C———h———mwffl

322 4628 384 4693 a>
425 4626 463 4684 Ι.
498 4645 544 4683 c.
579 4647 636 4704 p.
676 4643 761 4701 33.
