4242 5459
1116 517 1212 590 L.
1317 512 2047 613 sEPT1M1vs
2152 511 2779 593 SEVERVS.

329 715 697 791 Arabicus,
748 682 1208 801 Adiabenicus,
1261 694 1603 783 Parthicas
1628 720 1824 783 Max.
1845 766 1869 802 ‚

680 815 1152 890 Britannica-25
1200 814 1521 879 Ponticus.
1622 817 1630 827 '

427 1004 771 1067 Nimirum
812 1005 1064 1068 decora
1119 1024 1243 1088 per
1285 1004 1603 1068 bellicam
1654 1005 1867 1067 virtu-

335 1113 471 1162 tem
507 1112 732 1184 parta.
781 1102 1091 1165 Priorum
1133 1100 1485 1163 titulorum
1512 1101 1868 1184 originem,

341 1207 408 1257 et
451 1194 651 1258 finem
683 1199 821 1276 jam
877 1204 998 1280 pe'r
1045 1196 1497 1280 ipsosannos
1554 1195 1866 1279 exposui-

337 1310 517 1353 mus.
572 1290 874 1374 Superest
920 1290 1151 1354 titulus
1172 1294 1461 1366 Pontici,
1516 1311 1716 1373 quem
1744 1311 1862 1353 nu-

336 1388 436 1449 mi
482 1386 809 1449 hactenus
854 1389 1107 1472 cogniti
1143 1409 1281 1451 non
1329 1399 1750 1463 memorant,
1790 1398 1862 1449 at

336 1481 515 1544 inter
549 1482 723 1545 alios
759 1484 1093 1546 victarum
1148 1485 1444 1569 gentium
1493 1480 1726 1546 titulos
1766 1486 1882 1563 ja«

333 1588 480 1640 ctat
525 1575 772 1662 insigne
823 1599 1127 1643 marmor
1184 1599 1228 1643 a
1283 1580 1667 1643 Muratorio
1715 1579 1857 1643 vul·

331 1686 590 1759 gatum.
629 1679 703 1753 θ)
772 1675 1137 1739 Probabile
1197 1674 1322 1754 esi,
1391 1687 1668 1761 captum
1719 1675 1854 1739 hoc

322 1789 584 1843 ‚nomen
632 1790 722 1833 ex·
764 1772 1104 1856 Byzantio
1153 1774 1243 1837 ad
1297 1770 1690 1854 obsequium
1746 1794 1853 1836 re·

331 1867 583 1943 ductu,
636 1868 820 1950 quod
848 1869 1068 1931 Ponto
1102 1866 1385 1931 adsitum
1426 1864 1606 1947 fuit,
1656 1882 1722 1933 et
1742 1890 1852 1933 cu-

323 1964 436 2045 jus
480 1963 740 2027 deditio
794 1975 1076 2048 propter
1118 1963 1482 2026 obsidionis
1542 1974 1608 2025 et
1664 1964 1850 2027 diffi-

329 2057 682 2137 cultatem,
736 2071 802 2122 et
821 2060 1256 2123 durationem
1286 2057 1492 2142 justae
1521 2058 1854 2123 victoriae

328 2150 533 2215 insiar
567 2152 738 2232 fuit,
794 2176 929 2237 qua
960 2156 1198 2219 audita
1254 2152 1541 2219 Severus
1591 2157 1661 2217 in
1704 2159 1849 2218 Me-

330 2248 721 2331 sopotamia
759 2262 905 2313 tum
952 2249 1188 2313 absens
1222 2251 1694 2336 tantamcepit
1731 2270 1854 2314 vo-

325 2345 705 2427 luptatem,
759 2360 832 2409 ut
871 2347 1246 2431 progressus
1307 2347 1397 2408 ad
1450 2346 1697 2408 milites
1756 2348 1853 2410 di·

323 2443 551 2507 xerit:
605 2442 853 2507 tandem
886 2452 946 2507 et
971 2444 1358 2526 Byzantium
1396 2445 1682 2527 cepimus.
1719 2430 1782 2525 b)

927 2635 1267 2743 Consul.

426 2827 749 2892 Severum
789 2843 931 2907 ter,
985 2850 1203 2914 neque
1242 2829 1538 2917 amplius
1590 2828 1851 2914 proces·

326 2923 465 2986 sisse
502 2926 838 2993 consulem
878 2924 1152 2990 constat.
1237 2927 1394 3005 Ejus
1433 2923 1856 3011 magistratus

325 3021 559 3082 iterati
599 3024 875 3084 modum
920 3026 1056 3104 jam
1118 3023 1187 3082 in
1248 3021 1608 3085 annalibus
1660 3022 1852 3084 dedi·

329 3134 508 3181 mus,
596 3116 767 3180 Istud
813 3112 1139 3181 hactenus
1194 3120 1365 3181 citra
1417 3116 1851 3201 exemplum,

335 3213 519 3295 quod
551 3214 927 3277 consulatus
960 3215 1058 3298 1.‚
1110 3216 1224 3297 qui
1269 3212 1443 3276 alias
1480 3213 1620 3275 solo
1656 3211 1850 3277 COS.

322 3310 556 3371 notari
592 3309 794 3391 solet,
870 3304 1113 3393 scripto
1155 3309 1344 3373 COS.
1395 3309 1447 3372 Ι.
1482 3308 1850 3385 indicetur,

325 3406 518 3487 quod
557 3408 822 3488 quidem
870 3406 1116 3469 imitati
1177 3405 1318 3467 sunt
1364 3404 1570 3466 etiam
1623 3423 1852 3465 mone-

321 3501 487 3563 tarii
520 3502 776 3566 Albini.
826 3504 1082 3565 Eodem
1125 3502 1331 3575 modo
1371 3501 1441 3562 in
1477 3498 1851 3561 Severinu-

323 3598 454 3658 mis
495 3596 778 3681 legimus
818 3599 1132 3675 IMP.1.,
1184 3584 1292 3659 sed
1348 3607 1416 3658 et
1475 3594 1609 3657 hoc
1665 3593 1851 3656 nullo

317 3692 551 3755 adhuc
578 3696 918 3779 exempIO.
957 3690 1194 3757 ⁴Etiam
1230 3695 1297 3754 in
1333 3690 1696 3755 Aemiliani
1732 3708 1851 3751 nu-

311 3790 450 3851 mis
490 3803 766 3874 praeter
805 3810 1066 3854 morem
1097 3788 1403 3852 scribitur
1455 3787 1601 3854 TR.
1633 3788 1712 3851 P.
1755 3789 1801 3849 1.

822 3946 1352 4028 Imperator.

3338 550 3478 611 ³93³

1948 714 2078 799 legi
2138 714 2449 800 scriptum
2509 716 2699 782 IMP.
2749 716 2847 791 1.‚
2928 717 3206 801 perinde
3270 730 3483 802 atque

1950 814 2194 895 legitur
2238 814 2443 874 etiam
2478 810 2670 877 COS.
2714 813 2767 877 1.
2840 816 3044 877 Nova
3079 812 3328 878 isthaec
3368 834 3474 877 ra-

1948 909 2046 970 tio
2088 906 2199 969 etsi
2236 908 2407 970 nihil
2458 908 2685 972 turbat
2720 909 2788 971 in
2845 908 3304 972 consulatuum
3358 929 3473 991 oe,-

1953 1004 2317 1080 conomia,
2389 1005 2697 1067 nonnihil
2759 1015 2987 1068 tamen
3064 1004 3129 1067 in
3180 1008 3475 1090 impera-

1947 1101 2119 1161 toris
2163 1099 2362 1162 titulo
2406 1098 2688 1162 molesta
2737 1099 2844 1165 en.
2929 1101 3109 1173 Nam
3145 1101 3476 1164 hactenus

1948 1214 2101 1257 cum
2150 1196 2377 1280 prima
2420 1196 2710 1279 principi
2746 1198 3040 1261 victoria
3089 1209 3290 1283 parta
3344 1194 3474 1274 est,

1945 1291 2032 1352 is.
2061 1292 2386 1354 continuo
2434 1291 2653 1353 dictus
2700 1291 2831 1354 fuit
2879 1294 3059 1358 IMP.
3105 1292 3239 1370 ΙΙ.,
3308 1311 3475 1377 quo·

1944 1387 2134 1449 niam
2172 1388 2517 1473 imperator
2569 1407 2688 1473 per
2724 1389 2934 1473 ipsum
2972 1389 3061 1451 ad
3109 1391 3469 1473 imperium

1943 1483 2207 1547 aditum
2235 1487 2375 1566 jam
2407 1482 2557 1548 fuit.
2657 1484 3006 1548 Potrumus
3039 1484 3242 1571 igitur
3280 1485 3469 1549 colli·

1940 1599 2145 1663 gere,
2196 1595 2496 1644 veterem
2557 1580 2733 1645 hunc
2789 1601 3050 1645 morem
3109 1600 3154 1643 a
3210 1581 3469 1645 Severo

1935 1674 2126 1738 fuisse
2168 1675 2558 1742 infractum.

2032 1870 2137 1932 Ex
2169 1869 2413 1952 quibus
2457 1870 2761 1936 victoriis
2796 1870 3459 1957 imperatoriumho-

1933 1987 2168 2030 norem
2196 1967 2571 2041 iteraverit,
2594 1969 2657 2029 in
2678 1968 3033 2031 annalibus
3058 1966 3348 2032 stabilire
3365 1968 3460 2032 la»

1934 2062 2369 2139 boravimuzn
2413 2059 2725 2125 Ceterum
2780 2082 2994 2125 annus
3039 2068 3123 2128 V.
3179 2062 3255 2126 C.
3315 2077 3461 2149 954

1935 2155 2305 2241 postremus
2340 2156 2469 2231 est,
2533 2163 2716 2240 cujus
2762 2161 2994 2237 numi,
3048 2160 3233 2242 quod
3262 2162 3457 2245 'mihi

1935 2249 2233 2329 constet,
2287 2272 2438 2333 eum
2471 2254 2735 2315 titulum
2786 2274 2919 2317 una
2967 2270 3120 2318 cum
3171 2274 3455 2317 numero

1934 2350 2220 2411 addant.
2321 2346 2562 2412 Obivit
2625 2360 2766 2411 tum
2821 2348 3238 2412 tribunatum
3298 2351 3456 2433 ix„

1934 2445 2314 2525 diciturque
2342 2445 2719 2528 imperator
2740 2447 2854 2510 XI.
2907 2445 3245 2530 Scriptum
3268 2446 3456 2512 IMP.

1931 2539 2117 2603 XIII.
2182 2541 2414 2602 videre
2477 2538 2592 2601 sibi
2657 2541 2833 2603 visus
2900 2540 2980 2603 esi
3023 2540 3336 2605 Khellius
3385 2544 3459 2605 in

1928 2638 2212 2703 denario
2257 2636 2461 2700 musei
2492 2636 2559 2699 S.
2599 2636 2903 2700 Floriani
2929 2633 3236 2700 Austriae
3267 2638 3453 2724 supe-

1927 2732 2149 2799 rioris.
2203 2734 2456 2795 Verum
2505 2734 2587 2796 cl.
2638 2735 3116 2810 Neumannu8‚
3174 2736 3299 2818 qui·
3332 2754 3451 2797 nu-

1929 2852 2110 2893 mum
2154 2830 2396 2891 iterum
2445 2829 2773 2914 inspexit,
2842 2830 3198 2914 legendum
3253 2831 3457 2893 docet

1929 2927 2118 2991 IMP.
2144 2925 2328 2991 vm.
2378 2926 2720 3009 Deinceps
2755 2925 3111 2988 subsidium
3151 2946 3236 2988 ex
3275 2946 3457 2988 mar-

1932 3022 2234 3087 moribus
2278 3021 2390 3086 etsi
2423 3024 2588 3084 mire
2631 3020 3129 3085 dissidentibus,
3206 3020 3456 3107 Colligi

1931 3132 2160 3183 tamen
2207 3112 2463 3203 potest,
2517 3118 2740 3181 adhuc
2776 3119 2843 3181 in
2881 3117 3229 3181 tribunatu
3271 3118 3451 3180 xm.

1928 3226 2230 3279 veterem
2279 3233 2631 3275 numerum
2668 3233 2801 3276 non
2842 3213 3118 3276 auxisse.
3148 3219 3200 3289 ⁶)
3256 3214 3447 3275 Tan-

1930 3311 2083 3374 dem
2125 3309 2194 3369 in
2233 3308 2577 3370 tribunatu
2633 3308 2877 3373 XVIII.
2947 3327 3098 3370 eum
3155 3310 3448 3392 impera-

1929 3420 2148 3469 torem
2188 3405 2338 3467 XII.
2396 3402 2749 3466 salutatum
2804 3404 3136 3467 videmus·
3192 3393 3255 3483 ἆ)
3319 3404 3450 3464 Ve-

1929 3499 2287 3564 risimiliter
2323 3499 2431 3560 hic
2466 3498 2685 3559 honos
2739 3495 3018 3559 accessit
3051 3482 3192 3558 tuni
3221 3542 3240 3571 ‚
3296 3515 3448 3558 cum

1932 3606 2213 3683 propter
2250 3595 2578 3657 victorias
2625 3591 3054 3655 Britannicas
3096 3592 3453 3656 Britannici

1930 3691 2130 3754 titulo
2177 3691 2551 3753 honoratus
2584 3688 2732 3751 fuit.
2793 3687 3173 3751 Secundum
3209 3706 3455 3751 numos

1932 3786 2373 3850 Mediobarbi
2431 3787 2496 3846 in
2560 3785 2917 3849 tribunatu
2985 3785 3128 3849 XV.
3207 3784 3455 3846 dicitur

1929 3883 2120 3948 IMP.
2160 3884 2344 3961 xit,
2401 3892 2465 3944 et
2506 3882 2571 3942 in
2614 3872 2955 3945 tribunatu
2995 3879 3454 3958 xv111.1MP,

1930 3980 2152 4058 xm„
2210 3980 2313 4041 sed
2355 3978 2512 4041 aliis
2551 3977 2902 4066 singularia
2957 3975 3131 4040 haec
3179 3976 3454 4040 cimelia

404 4080 754 4145 Continuo
798 4080 1131 4165 dix-imus,
1182 4083 1248 4143 in
1287 4080 1518 4144 Severi
1565 4091 1842 4142 moneta
1923 4077 2070 4139 sunt
2108 4079 2366 4164 ignota.
2425 4107 2434 4116 ·

363 4422 428 4485 a)
473 4419 613 4488 Pag.
645 4430 779 4486 347.
820 4434 868 4470 ε.
1066 4416 1124 4485 b)
1163 4417 1276 4471 Dio
1311 4417 1380 4470 L.
1414 4416 1689 4479 Lxxlv,
1727 4428 1820 4483 14..

281 4508 341 4560 3.
383 4500 444 4542 et
484 4506 544 4559 p.
591 4504 705 4556 ¹57·
748 4505 795 4550 7.

390 4564 592 4643 (Vnt.
652 4562 856 4645 ιω.)

2766 4406 2774 4415 ”
2890 4405 2952 4477 d)
2996 4408 3191 4462 Gruter
3226 4426 3282 4482 p.
3322 4408 3441 4479 265.

2936 4554 2992 4614 Β
3018 4552 3061 4619 b

2025 4417 2074 4483 e)
2118 4388 2310 4466 Gruter
2351 4431 2408 4483 p.
2451 4415 2567 4481 265·
2604 4429 2658 4481 5.
