4242 5459
1498 626 2303 721 GALLOENVS.

333 853 564 906 vetere
604 832 898 920 exstare,
949 834 1114 907 istud
1154 842 1351 927 igitur
1393 842 1711 927 deinceps
1740 838 1843 905 fu-

330 951 555 1001 turum
600 942 931 1025 primum,
986 941 1073 1002 ad
1119 940 1301 1021 quod
1344 958 1722 1024 provocare
1770 938 1844 1000 li-

3302 665 3441 730 413

1931 843 2128 908 Adde
2163 840 2582 908 Trebellium
2610 886 2628 918 ,
2683 838 2797 925 qni
2828 838 3019 928 super
3054 837 3254 927 plura
3295 861 3435 905 mu-

1928 938 2240 1003 liebrium
2285 944 2421 1023 ejus
2471 958 2735 1003 morum
2771 937 3150 1001 testimonia
3204 949 3438 1001 narrat

333 1034 636 1113 cebit,⁸)
690 1052 825 1118 quo
863 1035 1134 1118 quidem
1171 1035 1468 1119 quaesito
1504 1034 1843 1098 velamine
1928 1037 2180 1112 etiam,
2231 1051 2577 1101 matronas
2634 1035 2721 1097 ab
2773 1033 2918 1117 ipso
2969 1035 3060 1095 ad
3093 1033 3436 1098 confilium

316 1132 437 1210 ‘vir
471 1128 739 1215 insignis
794 1135 1011 1217 magis
1067 1130 1236 1194 mihi
1295 1132 1567 1195 videtur
1629 1129 1840 1194 mole-

326 1224 493 1287 stum
537 1228 787 1290 nodum
834 1227 1010 1289 velle
1055 1227 1414 1312 obtegere,
1471 1248 1673 1311 quam
1723 1247 1834 1289 re-

322 1320 611 1387 solvere.
673 1323 782 1384 Ad
827 1324 1132 1386 codicem
1176 1324 1322 1388 MS.
1360 1321 1611 1388 Goltzii
1651 1323 1832 1408 quod

323 1418 619 1500 attinet,
685 1420 769 1480 de
825 1439 962 1501 quo
1006 1422 1149 1501 jam
1194 1420 1359 1483 alibi
1411 1421 1575 1483 mihi
1616 1422 1828 1484 sermo

313 1511 486 1585 fuit,
521 1501 585 1593 P)
641 1527 706 1576 et
741 1520 928 1597 cujus
982 1533 1257 1579 numum
1314 1516 1830 1598 Barthelemyus

310 1605 732 1692 potissimum
775 1612 862 1673 ad
884 1610 1415 1674 confirmandam
1443 1609 1825 1673 Gallienam

310 1700 725 1782 advocavit,
778 1724 1017 1789 parum
1072 1724 1196 1788 ego
1238 1704 1369 1773 hac
1412 1707 1821 1769 auctoritate

306 1817 621 1880 moveor,
658 1798 1159 1883 quiGoltziana
1195 1802 1449 1879 omnia,
1470 1821 1622 1865 cum
1657 1800 1820 1885 quid

303 1893 507 1957 nobis
529 1896 877 1974 eximium,
899 1896 1315 1979 insolensque
1342 1898 1683 1975 nunciant,
1707 1897 1821 1962 nifi

305 1980 625 2054 aliorsum
668 1992 1058 2056 confirmari
1091 1995 1332 2069 vide0,
1394 2014 1440 2057 a
1482 2012 1820 2058 commen·

303 2086 500 2150 tariis
538 2091 704 2152 meis
738 2089 977 2174 procul
1015 2088 1264 2154 habeo,
1333 2088 1508 2152 Sane
1552 2088 1820 2172 exspec-

300 2183 438 2246 tari
478 2179 538 2246 'a
590 2183 896 2270 singulari
965 2182 1099 2247 hoc
1147 2185 1297 2248 viro
1367 2185 1633 2268 potuit,
1707 2197 1820 2263 ut,

301 2280 422 2363 qui
468 2276 632 2342 Celli
685 2300 770 2343 ex
805 2279 1154 2345 Trebellio
1219 2279 1332 2341 libi
1394 2282 1643 2365 cogniti
1693 2300 1820 2343 nu·

298 2394 486 2438 mum
537 2373 869 2451 finxerat,
922 2377 1130 2439 etiam
1186 2372 1574 2451 Gallienae,
1644 2397 1819 2459 quae

296 2470 490 2534 illum
524 2472 804 2552 dejecit,
858 2492 1135 2535 numum
1157 2458 1462 2535 secundis
1501 2474 1677 2537 curis
1703 2472 1818 2537 ad·

294 2568 659 2633 inveniret.

395 2664 655 2726 Parum·
706 2684 867 2750 ergo
930 2666 1021 2728 ad
1069 2661 1602 2751 persuadendum
1650 2666 1819 2730 vali-

298 2760 409 2822 dis
464 2758 837 2838 Harduini,
910 2760 1398 2835 Vallemontii,
1472 2762 1816 2826 Barthele.

296 2855 447 2936 myi
495 2857 873 2945 rationibus
933 2858 1190 2940 aliquid
1244 2860 1486 2920 iterum
1546 2858 1816 2922 roboris

290 2951 567 3015 accedit
600 2953 961 3017 sententiae
994 2952 1340 3029 vaillantii
1365 3001 1385 3030 ,
1464 2954 1813 3033 conjicien

294 3048 426 3125 tis,
479 3049 545 3111 in
594 3045 885 3113 Gallieni
924 3062 1387 3133 contemptum
1437 3050 1504 3111 in
1546 3052 1817 3134 provin-

293 3144 408 3207 cia
436 3145 758 3228 quapiam
802 3164 1044 3209 numos
1069 3144 1420 3230 inscriptos
1455 3142 1817 3208 GALLIE-

287 3238 500 3304 NAE.
530 3236 1011 3307 AVGVSTAE
1040 3239 1230 3304 fuiss'e
1264 3241 1621 3326 perculsoS.
1690 3241 1817 3306 Fe·

290 3336 555 3400 minam
623 3356 771 3400 cum
856 3336 1240 3402 Gallienum
1305 3337 1570 3417 dicunt,
1640 3336 1818 3400 belle

288 3451 452 3496 cum
499 3431 935 3516 scriptoribus
975 3434 1391 3518 conspirant,
1445 3434 1555 3518 qui
1600 3433 1815 3496 homi-

286 3547 450 3592 nem
500 3530 788 3613 turpiter
861 3528 1326 3593 effeminatum
1411 3530 1814 3615 prodidere,

284 3643 466 3710 quos
515 3625 691 3688 inter
732 3628 1208 3690 memorandus
1256 3624 1649 3710 cumprimis
1706 3626 1809 3688 Iu·

279 3721 510 3785 lianus
550 3719 839 3801 Caesar,
892 3725 1006 3807 qui
1060 3721 1442 3786 Gallienum
1501 3725 1566 3786 in
1641 3724 1813 3786 deo·

282 3837 441 3881 rum
493 3818 852 3882 concilium
896 3818 1251 3905 ingressum
1293 3814 1499 3881 refert
1529 3817 1814 3884 indutum

256 3915 433 4007 fiola
472 3923 531 3978 et
559 3912 769 4002 inceffu
801 3917 970 4004 usum
1010 3917 1277 3981 moHiore
1300 3914 1617 3980 mulinum
1654 3917 1809 3995 ritu,

279 4011 486 4094 eique
534 4023 835 4076 veterem
874 4012 1132 4078 versum
1188 4012 1528 4099 adplicat:

386 4208 475 4281 Ος
516 4224 617 4269 και
660 4225 891 4293 χρυσον
927 4207 1094 4289 ἔχων
1136 4228 1364 4296 παντη,
1417 4208 1620 4290 τρυφᾳ
1659 4197 1802 4288 istite

382 4395 511 4485 Qui
543 4408 603 4464 et
638 4418 869 4463 aarum
902 4401 1102 4485 gestat
1142 4323 1560 4486 undiquemw
1577 4350 1792 4465 t’lelica·

888 4506 990 4561 tus
1019 4500 1093 4586 est
1126 4500 1316 4583 instar
1348 4495 1595 4580 puellae.

344 4700 484 4764 an.
526 4719 570 4756 ο.
614 4706 828 4775 μᾶςσ.

1024 4705 1081 4775 b)
1117 4706 1250 4759 vol.
1286 4706 1336 4761 1.
1371 4704 1581 4776 Prolcg.
1620 4724 1679 4777 p,
1719 4706 1894 4766 CLII.

1923 1130 2109 1195 suum
2145 1132 2442 1219 rogatas.
2475 1130 2535 1215 θ)
2610 1132 2698 1195 Et
2728 1146 2891 1191 vero
2930 1127 3146 1192 videri
3184 1131 3433 1213 possit,

1923 1231 2168 1292 eodem
2211 1226 2486 1291 consilio
2531 1226 2816 1311 signatos
2861 1242 3099 1287 numos
3139 1221 3433 1288 Gallieni

1919 1324 2272 1409 inscriptos
2304 1320 2907 1387 FECVNDITAS.
2951 1318 3204 1402 avG„
3259 1341 3430 1405 quos

1916 1419 2118 1506 supra
2153 1419 2486 1495 recensui,
2554 1419 2935 1498 cujusmodi
2972 1418 3159 1480 nulla
3202 1429 3428 1481 aetate
3475 1412 3485 1423 ’

1914 1514 2028 1578 nifi
2089 1513 2362 1578 feminis
2417 1514 2712 1578 dedicati
2761 1510 2969 1575 fuere.
3059 1513 3208 1577 Huc
3251 1514 3430 1576 adde

1912 1612 2538 1696 caput‘redimitum
2581 1610 2811 1694 spicis,
2866 1611 3050 1693 quod
3075 1628 3429 1693 nunquam

1909 1705 2239 1771 hactenus
2296 1706 2599 1791 Augustis
2652 1706 3004 1784 maribus,
3049 1718 3125 1769 at
3157 1704 3428 1768 feminis

1908 1820 2043 1865 non
2102 1807 2260 1866 raro
2313 1801 2447 1866 fuit
2505 1802 2856 1868 tributum.
2961 1803 3109 1866 Hae
3169 1820 3429 1865 corona

1910 1910 2225 1962 ornatam
2325 1899 2391 1960 in
2478 1902 2696 1961 numis
2781 1901 3094 1964 videmus
3194 1899 3427 1984 Agrip-

1906 1996 2138 2078 pinam
2176 1994 2507 2074 juniorem
2539 2041 2560 2070 ,
2629 1994 2950 2056 Sabinam
2978 2043 2997 2075 ,
3069 2010 3428 2079 utramque

1908 2100 2224 2151 monetae
2251 2090 2633 2165 Romanae,
2684 2086 3067 2153 Faustinam
3090 2096 3427 2173 juniorem

1906 2197 2219 2246 monetae
2251 2180 2652 2266 Cyzicenae.
2724 2181 2893 2246 Cum
2934 2186 3134 2269 igitur
3169 2203 3426 2251 corona

1906 2279 2168 2341 mulieri
2203 2275 2513 2342 Gallieno
2552 2281 2869 2343 addenda
2897 2279 3124 2358 fuerit,
3177 2299 3422 2363 negan-

1906 2374 1998 2437 da
2032 2386 2209 2438 certe
2261 2374 2394 2438 fuit
2429 2375 2701 2452 laurea,
2753 2396 2889 2459 qua
2940 2379 3241 2442 redimiri
3281 2394 3422 2439 mu-

1871 2463 2103 2534 'lieres
2142 2469 2468 2556 Augustae
2509 2492 2669 2536 raro
2701 2474 3103 2539 consuevere
3125 2522 3145 2555 ,
3200 2488 3267 2538 et
3298 2472 3420 2534 im-

1901 2567 2256 2652 pertienda
2296 2571 2434 2650 ejus
2473 2569 2777 2653 generis,
2836 2588 3012 2654 quae
3059 2591 3145 2634 ex
3188 2580 3418 2633 vetere

1901 2662 2011 2725 usu
2058 2681 2173 2726 eas
2221 2664 2525 2750 decebat.
2578 2668 2668 2727 At
2709 2684 2842 2729 non
2890 2681 3286 2750 occurrunt,
3324 2667 3434 2729 ait-

1899 2758 2331 2836 Harduinus,
2386 2759 2453 2822 in
2495 2763 2712 2824 numis
2737 2760 3067 2827 Romanis
3109 2762 3414 2839 dicteria,

1895 2858 2074 2939 joci,
2132 2854 2446 2920 scurrilia.
2497 2859 2751 2927 Verum
2795 2857 2998 2939 istud,
3050 2859 3413 2946 sigenera-

1900 2954 2021 3015 tim
2071 2952 2155 3016 de
2194 2966 2471 3017 moneta
2508 2967 2737 3017 vetere
2780 2957 3109 3039 judicium
3158 2956 3416 3041 peragi-

1898 3063 2024 3113 tur.
2081 3055 2169 3114 At
2206 3051 2381 3113 enim
2424 3071 2512 3114 an
2563 3068 2775 3135 usque
2819 3053 3000 3115 adeo
3057 3054 3415 3118 incredibi-

1896 3144 2011 3223 le,
2062 3144 2303 3209 sume
2285 3167 2353 3208 m
2402 3159 2597 3210 tanto
2648 3166 2929 3212 numero
2971 3167 3238 3228 eorum,
3301 3150 3420 3233 qui

1896 3239 2025 3306 sese
2057 3254 2295 3306 contra
2327 3239 2710 3306 Gallienum
2741 3244 3198 3330 imperatores
3230 3246 3415 3308 dixe-

1897 3355 2011 3416 re,
2067 3357 2270 3400 unum
2336 3337 2677 3423 aliquem,
2728 3340 2883 3421 qui,
2935 3350 3012 3400 ut
3087 3343 3417 3422 majorem

1897 3433 1960 3493 ei
2047 3433 2231 3519 apud
2311 3432 2461 3496 suos
2548 3446 3013 3518 contemptum
3094 3446 3412 3518 pararet,

1895 3542 2332 3592 monumento
2371 3528 2646 3612 publico
2680 3530 3035 3592 traducere
3068 3528 3412 3595 effemina-

1892 3636 2034 3686 tum
2069 3626 2443 3709 principem
2491 3622 2954 3701 constituisset,
3011 3628 3196 3708 cujus
3240 3626 3409 3689 alio·

1893 3722 2006 3803 qui
2047 3732 2273 3785 tantus
2314 3722 2452 3801 jam
2492 3731 2639 3782 erat
2676 3719 3094 3804 despicatus,
3137 3734 3219 3785 ‘ut
3249 3720 3407 3786 teste

1891 3816 2240 3879 Trebellio
2275 3820 2416 3898 ejus
2457 3834 2542 3878 ne
2590 3818 2854 3881 mentio
2897 3819 3171 3903 quidem
3221 3820 3407 3905 apud

1890 3915 2262 3977 exercitum
2302 3911 2494 3976 fieret
2517 3915 2548 3976 2²

1838 4050 1847 4057 -
1958 4010 2172 4093 x*Quid
2208 4010 2250 4073 li
2290 4009 2549 4101 homini
2585 4009 2819 4095 inepto
2863 4010 3033 4076 inter
3057 4012 3195 4078 alia
3237 4015 3404 4078 insa·

1888 4109 2045 4171 niae
2065 4108 2495 4182 documenta,
2548 4125 2723 4190 quae
2751 4108 3104 4173 innumera
3133 4126 3404 4176 enarrat

1884 4203 2317 4281 Trebellius,
2368 4202 2646 4267 venin‘et
2694 4202 3118 4290 aliquando
3097 4228 3166 4270 ιιι
3217 4228 3405 4270 men-

1882 4312 2062 4377 tem,
2116 4312 2189 4362 ut
2223 4301 2361 4383 ipse
2414 4299 2710 4364 mulieris
2767 4304 2944 4380 ritu,
2973 4323 3078 4366 ac
3131 4305 3404 4385 quidem

1880 4394 2146 4460 Cereris
2211 4395 2681 4461 observaretur
2711 4400 2743 4460 ’ἒ
2812 4402 3177 4485 praecipue
3248 4416 3401 4464 cum

1874 4496 2012 4574 ejus
2047 4494 2236 4558 deae·
2256 4494 2565 4558 meritum
2611 4493 2727 4557 libi
2786 4496 2996 4581 posset
3031 4516 3398 4583 arrogare,

2095 4710 2151 4776 e)
2188 4708 2248 4757 in
2284 4705 2431 4760 Gan.
2460 4720 2516 4765 e.
2557 4706 2639 4758 16.
