4242 5459
235 4478 244 4483 -
356 4430 432 4495 d)
469 4428 689 4500 Epoclt.
729 4430 1089 4499 Syromaced‚

1535 510 2391 636 PLAvrana.-

3343 587 3489 655 ης

349 769 666 858 quidem,
722 783 902 851 quae
930 771 1366 827 monumenta
1398 759 1669 844 publiea
1689 779 1882 844 prae·
1954 759 2467 823 matrimonium
2510 758 2636 820 ess'e
2677 758 3039 823 fecundum
3070 808 3090 839 ‚
3145 778 3299 824 eum
3330 757 3490 825 teste

347 865 722 942 -ferebant,
793 872 1207 946 parceretur.
1307 858 1665 921 Marmora
1703 857 1883 934 alia,
1959 855 2358 919 Herodiano
2382 851 3334 942 Caracallaindeaprincipio
3357 856 3485 922 has

358 985 448 1027 ex
491 959 740 1045 quibus
768 957 1027 1020 erasum
1057 954 1394 1049 Plautiani
1436 972 1710 1028 nomen,
1748 952 1884 1015 col·
1960 953 2234 1037 nuptias
2287 950 2632 1016 aversatus
2672 972 2891 1035 neque
2941 954 3282 1016 communi
3339 973 3493 1017 cum

351 1060 524 1142 legit
557 1047 1327 1121 el·Fontaninusinsuis
1349 1049 1888 1132 Antiquitatibus
1961 1048 2288 1110 Plautilla
2351 1061 2552 1125 toro,
2618 1069 2837 1131 neque
2891 1044 3138 1115 mensa.
3178 1060 3495 1114 uteretur.

360 1155 670 1230 Hortae,
724 1150 835 1212 sed
890 1150 956 1211 in
1000 1145 1335 1211 nonnullis
1384 1165 1539 1208 eum
1581 1142 1890 1221 fefeliss'e‚
1964 1143 2390 1209 Froelichius
2437 1164 2587 1208 cum
2632 1165 2718 1208 ex
2756 1145 2914 1208 loco
2950 1145 3329 1209 Herodiani
3378 1146 3498 1208 du·

360 1248 625 1313 erudite
667 1242 1151 1310 demonstravit
1205 1240 1538 1305 Camillus
1581 1237 1895 1304 Silvester

357 1346 434 1409 in
492 1341 772 1428 epistola
835 1341 925 1402 ad
980 1337 1374 1423 Philippum
1428 1337 1778 1401 Turrium.
1833 1335 1894 1416 ⁸)

362 1437 689 1504 Plautilla
729 1438 1096 1521 deportata
1139 1436 1208 1498 in
1246 1432 1592 1509 Siciliam,
1644 1445 1711 1495 et
1747 1443 1892 1495 tan·

365 1536 573 1621 tisper
594 1532 964 1596 liberaliter
996 1530 1275 1607 habita,
1327 1542 1402 1592 ut
1433 1530 1534 1591 ait
1562 1528 1897 1593 Herodia-

361 1651 490 1696 nus
519 1678 540 1706 ‚
595 1640 667 1691 at
709 1627 1068 1691 secundum
1116 1627 1414 1690 Dionem
1463 1625 1770 1709 relegata
1831 1626 1900 1689 in

363 1727 696 1811 Liparam
742 1725 809 1786 in
859 1743 1083 1786 rerum
1138 1724 1345 1786 etiam
1380 1722 1896 1784 necessariarum

365 1823 607 1908 inopia
645 1820 843 1883 vixit.
897 1818 1108 1882 Caeso
1138 1816 1313 1882 Geta
1345 1837 1496 1881 eam
1533 1815 1898 1881 Caracalla

364 1921 434 1982 in
460 1918 594 1980 hac
639 1915 754 1979 sua
781 1916 1175 1979 calamitate
1206 1914 1444 1978 omnia
1488 1925 1898 1977 metuentem

367 2012 662 2077 interfici
703 2011 890 2093 jussit
947 2015 1029 2073 V.
1079 2011 1154 2075 C.
1210 2014 1373 2096 965.
1415 1998 1480 2090 b)
1545 2009 1900 2072 Feminam

367 2108 563 2173 fuiss'e
595 2107 1250 2192 impudentissimam
1274 2155 1300 2191 ‚
1343 2103 1553 2167 refert
1580 2104 1743 2169 Dio.
1784 2110 1836 2181 θ)

469 2205 768 2268 Dionem
804 2205 959 2266 inde
985 2223 1024 2265 a
1062 2204 1400 2287 principio
1418 2199 1569 2262 libri
1601 2199 1904 2265 LXXVI.

371 2301 760 2376 Plautiani,
813 2311 881 2361 et
909 2299 1274 2362 Plautillae
1321 2293 1667 2359 historiam
1721 2314 1900 2365 com-

372 2398 652 2483 plexum
693 2397 732 2456 li
771 2393 1046 2478 sequare
1070 2440 1089 2471 ‚
1145 2393 1586 2481 perexiguum
1610 2403 1902 2474 tempus,

374 2508 444 2556 et
483 2492 665 2554 forte
702 2486 909 2576 pau'ci
929 2503 1192 2553 tantum
1229 2488 1485 2553 menses
1515 2488 1689 2549 inter
1710 2486 1904 2549 Plau·

377 2588 570 2652 tillae
605 2587 922 2671 nuptia,
977 2598 1045 2649 et
1094 2585 1371 2648 exilium
1438 2583 1756 2678 vident-ur
1810 2583 1904 2645 in-

375 2683 751 2748 tercessisse.
809 2685 895 2744 At
946 2682 1212 2765 longius
1246 2679 1680 2742 intervallum
1716 2677 1905 2742 vide·

376 2795 492 2843 tur
528 2778 889 2863 deposcere
930 2779 1133 2861 copia
1158 2794 1513 2839 numerum
1542 2773 1903 2837 Plautillae

369 2895 510 2939 non
553 2876 762 2938 modo
809 2875 877 2935 in
923 2873 1127 2948 urbe,
1177 2872 1290 2935 sed
1352 2874 1610 2956 majore
1678 2869 1906 2933 adhuc

372 2980 665 3035 numero
711 2989 832 3055 per
868 2967 1357 3031 remotissimas
1403 2966 1796 3057 provincias
1833 2965 1904 3028 si-

367 3080 762 3153 gnatorum.
838 3065 1015 3128 Sane
1056 3064 1430 3149 longiorem
1459 3082 1722 3127 moram
1763 3082 1904 3129 ma·

365 3161 617 3229 nifeffe
660 3162 872 3246 exigit
898 3180 1137 3223 numus
1178 3157 1539 3225 Plautillae
1566 3160 1747 3244 apud
1769 3156 1901 3221 Ga·

367 3280 534 3325 zam
584 3259 882 3321 Iudaeae
927 3255 1216 3341 lignatus
1263 3274 1415 3317 cum
1462 3274 1645 3318 anno
1698 3273 1903 3317 aerae

365 3355 584 3437 Aac,
636 3373 834 3438 quem
876 3353 1152 3415 edidere
1175 3349 1631 3426 VaillantiuS,
1684 3349 1904 3413 etNo·

363 3451 588 3518 xifius.
624 3441 689 3533 ει)
743 3448 987 3533 Coepit
1018 3448 1191 3511 haec
1229 3465 1409 3510 anno
1456 3447 1537 3508 V.
1598 3443 1675 3508 C.
1722 3448 1857 3527 ⁶93
1883 3492 1902 3523 ‚

362 3567 540 3633 ergo
572 3565 816 3610 numus
859 3543 1175 3631 praesens
1216 3542 1504 3629 lignatus
1545 3537 1632 3604 est
1666 3538 1904 3603 ab’au·

362 3657 615 3707 tumno
649 3644 731 3707 V.
792 3640 872 3705 C.
917 3643 1078 3723 956.
1150 3638 1379 3721 Quare
1425 3658 1576 3702 cum
1622 3636 1902 3720 nuptiae

358 3738 737 3806 Plautinae
755 3750 954 3800 actae
983 3736 1231 3798 fuerint
1267 3733 1448 3800 V.C.
1478 3754 1565 3815 95
1575 3753 1618 3815 5
1647 3779 1666 3809 ,
1720 3745 1793 3795 ut
1830 3735 1902 3796 in

355 3836 628 3900 Severo
666 3835 756 3899 ad
782 3834 962 3897 hunc
984 3852 1232 3895 annum
1270 3828 1901 3905 demonstravitum,

357 3931 482 4015 seq
495 3933 703 4009 uitur,
727 3929 959 3992 saltem
982 3930 1226 4013 integri
1269 3925 1412 3990 fere
1439 3927 1596 3989 anni
1617 3926 1905 4009 spatium

356 4028 548 4092 inter
588 4027 890 4112 nuptia,
917 4036 985 4087 et
1002 4025 1284 4087 exilium
1307 4024 1908 4109 interponendum.

465 4122 714 4190 Liberi.
802 4123 964 4185 Non
1022 4133 1300 4206 poterat
1343 4116 1703 4185 infaustum
1771 4118 1906 4182 hoc

439 4363 495 4424 a)
537 4360 803 4413 Raecolta
840 4360 898 4413 di
935 4361 1199 4432 Calogcra
1237 4360 1405 4417 Tom.
1443 4357 1522 4416 11.
1558 4375 1615 4428 p.
1653 4359 1743 4429 65,

354 4502 568 4556 Carae.
607 4515 655 4553 e.
694 4517 748 4567 9.
788 4510 840 4550 et
887 4518 963 4554 ιι.

466 4613 663 4703 (Vct.
719 4611 945 4698 Vn.)

1265 4430 1316 4497 ι)
1354 4427 1458 4483 IV.
1495 4426 1756 4481 Teutam.
1791 4442 1857 4501 p.
1888 4437 1993 4497 454
2030 4425 2143 4499 seq.

1969 1239 2126 1303 biae
2157 1240 2506 1318 lectionis,
2583 1253 2726 1303 tum
2791 1262 2877 1307 ex
2954 1241 3497 1327 inscriptionibus

1971 1334 2254 1400 Graecis
2296 1336 2543 1424 Ephesi
2580 1340 2865 1421 repertis
2898 1337 3196 1424 probare
3229 1336 3501 1402 adnisus

1973 1431 2102 1511 eli,
2155 1445 2354 1498 nato’s
2390 1433 2518 1497 ess‘e
2573 1455 2662 1498 ex
2696 1434 3328 1500 hoc‘matrimonio
3376 1433 3499 1498 fili·

1975 1550 2088 1593 um
2146 1549 2353 1594 unum
2404 1530 2830 1594 Hadrianum
2868 1578 2888 1608 ‚
2956 1530 3271 1615 filiasque
3327 1533 3500 1597 duas

1973 1626 2363 1706 luminam,
2416 1627 2760 1710 aliamque
2783 1627 3311 1713 anonymam.‘)
3365 1632 3496 1693 Ve-

1976 1742 2125 1786 rum
2168 1736 2644 1808 praeterquam
2693 1725 2872 1805 quod
2920 1723 3177 1787 debiles
3220 1725 3501 1788 omnino

1978 1840 2102 1883 eae
2145 1818 2288 1882 sunt
2336 1823 2768 1882 coniecturae
2796 1868 2816 1900 ,
2867 1817 3085 1884 obstat
3114 1842 3249 1884 non
3292 1822 3499 1884 modo

1977 1914 2329 1979 laudatum
2382 1917 2760 1979 Herodiani
2813 1914 3304 1996 testimonium,
3376 1938 3505 1981 ve·

1974 2031 2124 2073 rum
2178 2013 2386 2074 etiarn
2444 2023 2712 2094 ternpus
2767 2013 2976 2097 ipsum
3001 2059 3037 2090 ,.
3092 2017 3280 2096 quod
3343 2034 3505 2100 pro-

1975 2119 2129 2191 pter
2172 2107 2594 2170 consecutum
2634 2128 2798 2170 mox
2835 2109 3181 2172 dissidium
3229 2112 3347 2175 vix
3385 2112 3504 2174 uni

1981 2203 2337 2265 enitendae
2372 2200 2547 2287 proli
2577 2215 2851 2286 poterat
2901 2201 3262 2283 suffecisse,
3317 2208 3505 2290 quod

1977 2297 2191 2382 ipsum
2228 2300 2365 2377 jam
2419 2310 2573 2361 ante
2628 2319 2735 2360 me
2790 2300 3088 2362 advertit
3146 2299 3504 2365 Fabricius

1981 2394 2068 2454 ad
2110 2394 2353 2455 Dionis
2398 2394 2477 2459 L.
2527 2395 2826 2457 LXXVI.
2865 2399 2896 2475 §
2935 2408 3058 2481 34.
3111 2395 3503 2461 Froelichio

1981 2486 2067 2551 fic
2114 2490 2443 2572 opinandi
2483 2490 2683 2552 causa
2735 2489 2865 2561 fuit
2912 2492 3336 2578 Politianus,
3391 2496 3508 2577 qui

1980 2584 2209 2647 locum
2254 2585 2633 2648 Herodiani
2671 2586 2749 2651 L.
2799 2591 2908 2653 111.
2946 2608 3005 2651 c.
3064 2610 3167 2672 ¹3·
3217 2587 3301 2651 sic
3357 2610 3506 2653 ver-

1980 2681 2105 2743 tit:
2161 2690 2231 2745 at
2272 2681 2542 2746 Severus
2576 2685 2766 2768 ipsam
2821 2684 3283 2769 (Plautillam)
3322 2689 3503 2771 pari·

1981 2786 2078 2840 ter
2108 2798 2241 2841 cum
2260 2778 2468 2865 filiolo
2490 2825 2508 2855 ‚
2560 2801 2733 2865 quem
2757 2788 3018 2866 peperat
3037 2830 3059 2863 ‚
3107 2781 3416 2866 relegavit
3443 2786 3512 2847 in

1980 2872 2266 2939 Siciliam
2290 2922 2311 2953 ‚
2365 2894 2513 2937 cum
2548 2888 2780 2941 tamen
2831 2890 3056 2942 textus
3083 2876 3385 2943 Graecus
3412 2881 3511 2943 di·

1983 2969 2148 3033 serte
2190 2969 2275 3034 sic
2318 2970 2614 3051 habeat:
2671 2968 2703 3037 ὁ
2763 2974 2826 3038 δε
2875 2977 3141 3060 Σεξηρος
3203 2968 3392 3056 ἀυτην
3445 2997 3512 3040 τε

1981 3066 2206 3149 ἐκεινην
2240 3087 2346 3132 και
2385 3088 2489 3132 τον
2519 3062 2797 3149 ἀδελφον
2829 3064 3016 3153 ἁυτης
3076 3074 3160 3150 ἐις
3222 3073 3515 3137 Σικελιαν

1981 3160 2282 3244 ἐπεμψεν,
2335 3182 2540 3246 quam
2562 3165 2919 3229 lectionem
2963 3166 3265 3249 praefert
3302 3171 3512 3231 etiam

1981 3256 2362 3320 Herodiani
2407 3259 2674 3343 insignis
2710 3262 2929 3324 codex
2958 3262 3104 3324 MS.
3145 3261 3513 3328 bibliothe-

1983 3371 2106 3414 cae
2151 3350 2546 3422 Caesareae.
2628 3356 3070 3434 PelleriniuS,
3127 3358 3243 3439 qui
3304 3358 3516 3421 Froe-

1980 3446 2172 3509 lichii
2213 3448 2480 3511 musam
2550 3452 2800 3514 rursum
2860 3451 3184 3513 tuendam
3234 3450 3518 3536 suscepit

1979 3542 2327 3628 proposito
2385 3564 2593 3608 numo
2645 3545 2970 3610 Hadriani
3030 3547 3223 3610 Getae
3277 3545 3521 3630 appel·-

1977 3639 2237 3701 iatione
2269 3639 2632 3724 inscripto,
2671 3630 2719 3718 f)
2772 3641 2856 3702 de
2892 3659 3027 3724 quo
3066 3653 3304 3726 agetur
3333 3640 3518 3707 infra

1979 3735 2048 3797 in
2086 3735 2473 3803 nominibus
2526 3735 2786 3815 Getae,
2851 3737 3094 3801 iisdem
3146 3735 3353 3801 facile
3411 3758 3516 3802 ar-

1983 3833 2316 3916 gumentis
2338 3881 2359 3913 ,
2411 3831 2655 3916 quibus
2696 3832 3121 3897 Froelichius
3157 3832 3513 3901 refellitur.

2088 3926 2520 4012 Spanianum
2547 3976 2567 4007 ‚
2623 3930 2734 4011 qui
2769 3931 3135 4013 aliquoties
3168 3918 3521 4015 Elagaba-

1989 4025 2132 4087 lum
2181 4023 2583 4088 caracallae
2627 4025 2835 4089 filium
2893 4027 3066 4090 dixit
3092 4074 3112 4105 ,
3168 4028 3241 4109 ὅ)
3284 4030 3359 4090 in
3400 4027 3521 4093 hu·

1983 4123 2092 4204 jus
2138 4122 2284 4187 vita
2322 4122 2391 4184 in
2419 4122 2755 4206 judicium
2804 4121 3104 4191 vocabo.
3174 4196 3185 4205 ‚

1886 4355 1948 4423 b)
1989 4356 2292 4421 Herodian,
2331 4357 2455 4412 Dio.
2483 4359 2549 4412 L.
2586 4356 2857 4412 Lxxvl.
2899 4359 2932 4430 ς
2967 4362 3023 4419 6.
3162 4358 3220 4428 e)
3253 4359 3294 4414 l.
3330 4377 3376 4413 ο.
3414 4362 3515 4443 533.

3456 4444 3525 4483 m.

2322 4429 2369 4502 s)
2405 4428 2538 4489 Rev.
2575 4428 2745 4494 Tem.
2780 4428 2889 4484 m·
2925 4445 2986 4502 p.
3026 4428 3193 4495 1111,

2880 4684 2889 4691 .
2996 4610 3139 4705 ,Π
