4242 5459
827 588 971 653 2¹4

827 764 1112 857 inclusum
1144 765 1212 829 in
1244 759 1537 829 annulum
1562 780 1819 829 aureum
1840 758 2202 847 gfiandum
2233 757 2345 825 da·

831 875 923 931 to.
976 865 1048 927 Si
1105 861 1276 925 fides
1347 859 1721 923 Laurentio
1777 859 2019 942 Lydo,
2061 854 2126 938 ⁸)
2202 859 2357 937 Ro·-

832 979 992 1024 mae
1016 979 1090 1046 τῃ
1126 977 1234 1043 προ
1269 974 1446 1043 τριων
1471 974 1681 1020 romu
1713 958 2014 1039 Απριλιων
2045 955 2343 1034 Ηρακλης

829 1057 1140 1132 Επσικιος
1199 1053 1482 1135 ἐτιματο,
1545 1043 1644 1116 oca
1707 1042 1912 1127 ὑγειας
1959 1049 2159 1130 δοτηρ.
2209 1048 2342 1113 ΙΙΙ.

828 1171 978 1217 non.
1058 1146 1277 1234 April.
1352 1146 1651 1213 Hercules
1715 1149 1919 1212 victor
1981 1143 2298 1210 colebatur
2320 1190 2341 1222 ,

830 1250 1056 1335 quippe
1089 1245 1311 1321 salutis
1340 1243 1553 1310 dator.

931 1362 1002 1426 5.
1048 1338 1166 1404 Sol
1199 1339 1310 1403 hic
1347 1336 1519 1402 stans
1560 1352 1766 1425 typus
1816 1335 1907 1402 est
1947 1336 2248 1402 Orientis
2296 1354 2343 1398 a

831 1438 1088 1503 Severo
1145 1448 1212 1499 et
1275 1434 1637 1500 Caracalla
1689 1434 1854 1500 olim
1907 1432 2191 1509 domiti,
2272 1444 2343 1494 et

826 1533 1140 1619 quorsum
1205 1532 1449 1595 iterum
1516 1551 1696 1596 anno
1749 1530 2062 1616 sequente
2106 1526 2341 1614 profe·

823 1628 1044 1695 fectus
1091 1624 1238 1695 ests

928 1729 996 1792 6.
1050 1744 1113 1806 7.
1167 1723 1284 1787 Sol
1324 1736 1391 1788 et
1418 1723 1581 1788 luna
1607 1726 1673 1787 in
1713 1722 1839 1785 suis
1877 1720 2106 1808 singuli
2142 1721 2336 1805 bigis.

824 1823 1195 1905 Vtriusque
1241 1817 1395 1883 astri
1436 1834 1610 1905 typo
1641 1819 1933 1882 indicari
1962 1819 2338 1883 Aeternita-

822 1928 945 1985 2em
1000 1918 1399 2004 Augustam,
1467 1928 1534 1978 et
1583 1916 2028 2000 supplicatum
2069 1916 2337 1998 utrique

825 2014 1016 2079 fuiss'e
1062 2033 1187 2101 pro
1233 2012 1442 2075 salute
1497 2011 1730 2075 Severi
1779 2023 1846 2073 et
1896 2008 2336 2087 caracallae,

827 2112 984 2176 satis
1018 2108 1312 2195 probavi
1355 2109 1422 2174 iu
1450 2129 1655 2172 numo
1694 2108 1926 2172 Severi
1961 2106 2118 2170 anni
2155 2109 2238 2169 V.
2264 2104 2339 2173 C.

828 2228 1018 2291 955,
1087 2207 1156 2268 in
1223 2176 1435 2285 cujus*
1463 2205 1694 2269 antica
1765 2204 2055 2268 Severus
2114 2201 2337 2278 Solis,

818 2303 1098 2367 Domna
1117 2301 1350 2365 Lunae
1371 2298 1600 2365 forma
1619 2312 2109 2387 proponuntur,
2134 2318 2342 2383 quam

822 2401 1161 2464 rationem
1196 2398 1472 2461 retinuit
1492 2395 1855 2464 Caracalla
1893 2398 1959 2460 in
1989 2397 2211 2459 numis
2235 2414 2339 2458 ar·

825 2497 1082 2581 genteis
1121 2496 1397 2575 majoris
1439 2494 1698 2558 moduli
1748 2513 1902 2558 cum
1947 2492 2121 2567 suis,
2192 2503 2338 2555 tum

823 2592 1063 2671 matris
1108 2590 1466 2666 Domnae‚
1539 2604 1612 2654 ut
1667 2587 1973 2674 pluribus
2023 2588 2333 2650 differam

828 2688 917 2750 ad
965 2686 1222 2751 calcem
1271 2690 1629 2749 n'umorum
1657 2683 2082 2749 Caracallae.
2137 2686 2334 2745 Ama·

817 2782 942 2845 bat
973 2794 1330 2868 praeterea
1360 2779 1902 2866 comparariSoli
1923 2789 2201 2863 propter
2223 2796 2339 2839 au·

817 2878 1088 2961 rigandi
1128 2878 1467 2961 peritiam,
1521 2889 1597 2939 ut
1614 2873 1889 2939 testatur
1913 2875 2076 2937 Dio.
2097 2861 2164 2956 ¹³)
2206 2873 2337 2936 Lu·

819 2992 913 3063 ηρ
955 2970 1162 3034 boum
1223 2970 1398 3054 bigis
1439 2972 1711 3034 invecta
1760 2990 1895 3034 non
1947 2967 2338 3053 infrequens

821 3064 912 3130 est
951 3077 1418 3152 argumentum
1450 3068 1521 3131 in
1560 3065 1970 3155 anaglyphis
2005 3077 2340 3147 veterum,

823 3164 1000 3231 unde
1035 3175 1103 3226 et
1133 3161 1455 3226 Nonnus:
1487 3160 1549 3247 ‘)
2225 3170 2231 3177 '

917 3356 1349 3447 Ταυροφυης,
1412 3373 1737 3445 nepotem,
1829 3362 1985 3422 τοων
2056 3358 2335 3447 ελατειρα

917 3549 1355 3637 Tam-{formis
1374 3599 1393 3630 ‚
1444 3560 1707 3617 cornuta
1728 3596 1750 3633 ,
1801 3455 2339 3713 boffsgggtatrix

2038 3667 2145 3712 na.

1957 556 2024 634 C
2049 558 2793 637 ARACALLA.

2426 757 2732 823 habebat
2777 757 3176 847 Caracalla,
3240 763 3549 850 dixitque
3593 764 3937 849 κίσσα..

2430 867 2499 918 et
2532 857 2838 937 mensae,
2888 859 3181 945 lectique
3216 862 3591 927 consortem
3626 864 3812 942 fecit,
3855 885 3938 930 ac

2427 949 2701 1036 publice
2733 954 2933 1040 saepe
2966 954 3393 1020 deosculatus
3428 957 3536 1024 est.
3562 949 3609 1037 f)
3666 964 3755 1023 At

2426 1047 2743 1132 privatae
2789 1052 2977 1113 vitae
3018 1052 3279 1116 ludicra
3316 1053 3585 1119 leviora
3620 965 3937 1120 visam

2425 1145 2583 1220 rint,
2633 1164 2840 1227 quam
2867 1158 2939 1208 ut
2976 1161 3286 1211 monetae
3312 1152 3667 1214 Romanae
3697 1164 3941 1236 typum
3984 1194 3989 1203 -

2424 1239 2686 1324 pollent
2726 1242 3151 1327 suppeditare
3179 1291 3200 1319 ‚
3253 1266 3335 1308 ac
3359 1259 3713 1329 praeterea
3755 1249 3943 1332 capi-

2425 1346 2491 1397 te
2545 1334 2620 1401 fit
2659 1338 2930 1402 radiato
2956 1384 2975 1415 ‚
3052 1351 3122 1403 et
3163 1339 3420 1404 fulmen
3464 1341 3767 1420 deferat,
3821 1362 3942 1405 ve·

2422 1430 2758 1495 rilimilius
2815 1434 3125 1513 videtur,
3201 1449 3668 1521 argumentum
3724 1439 3941 1523 quod·

2429 1527 2589 1590 dam
2636 1528 3107 1615 astrologicum
3133 1578 3158 1609 ,
3211 1545 3281 1596 et
3312 1554 3357 1597 a
3416 1534 3708 1597 zodiaco
3767 1534 3941 1619 peti·

2426 1635 2572 1686 tum
2620 1624 2911 1704 subell'e,
2984 1630 3218 1712 qualia
3272 1627 3471 1715 saepe
3518 1631 3707 1693 numi
3748 1639 3931 1692 vete-

2428 1738 2535 1781 res
2569 1717 2887 1799 offerunt,
2937 1725 3305 1811 praecipue
3342 1726 3695 1789 cumidem
3730 1736 3937 1811 typus

2424 1815 2632 1879 etiam
2662 1817 2733 1880 in
2766 1832 3041 1881 moneta
3074 1821 3447 1885 Alexandri
3476 1821 3751 1897 Severi,
3803 1823 3953 1883 Au·.

2424 1910 2666 1983 reliani
2690 1959 2709 1989 ‚
2784 1914 3035 1992 Probi,
3102 1916 3517 1981 Diocletiani
3580 1927 3941 1997 occurrat,

2425 2027 2599 2091 quae
2634 2009 2902 2095 insuper
2934 2015 3113 2076 ratio
3151 2025 3377 2091 vetat,
3432 2032 3571 2098 quo
3607 2013 3827 2077 minus
3868 2024 3941 2075 et

2418 2104 2482 2165 is
2524 2103 2633 2167 leo
2676 2105 2812 2169 hoc
2853 2119 3023 2191 typo
3064 2111 3286 2171 notari
3334 2110 3578 2194 possit,
3628 2128 3830 2194 quem
3866 2107 3936 2170 in

2425 2197 2609 2264 bello
2642 2202 2962 2266 Parthico
2995 2205 3081 2265 de
3111 2205 3477 2291 improviso
3512 2203 3688 2268 lilvis
3727 2221 3939 2266 emer·

2422 2309 2690 2381 gentem
2723 2316 2849 2383 pro
2882 2297 2946 2361 se
2988 2300 3308 2384 pugnall'e
3352 2299 3489 2387 ipse
3545 2302 3613 2363 in
3656 2296 3942 2385 epistola

2422 2392 2693 2477 scripsit,
2733 2392 2798 2476 Β)
2846 2395 3001 2458 Non
3022 2396 3320 2458 alienum
3346 2397 3476 2458 hoc
3511 2395 3668 2459 loco
3708 2395 3933 2458 anim·

2423 2488 2826 2569 advertere,
2892 2490 3160 2554 leonem
3211 2495 3441 2576 capite
3481 2493 3751 2554 radiato
3806 2490 3939 2552 ell'e

2418 2581 2803 2664 symbolum
2831 2585 3214 2650 cohortium
3254 2588 3845 2671 praetorianarum
3868 2586 3945 2647 in

2420 2696 2626 2742 numo
2647 2677 2945 2749 Gallieni
2968 2682 3283 2770 inscripto
3310 2681 3589 2747 couti.
3613 2681 3938 2750 PRAET.

2771 2872 2858 2954 V,
2895 2874 2964 2941 C.
3003 2877 3158 2961 968.
3208 2877 3288 2942 P.
3330 2875 3416 2943 X.
3453 2898 3591 2963 2¹5·

2422 2967 2564 3036 ΤΚ.
2601 2970 2680 3036 Ρ.
2716 2970 3004 3037 XVIII.
3047 2972 3226 3037 COS.
3270 2974 3404 3039 IV.
3449 2973 3528 3040 P.
3582 2975 3678 3039 M.
3712 2972 3795 3041 P.
3848 2971 3940 3041 P.

2564 3067 2818 3138 PIVS.
2851 3068 3049 3135 FEL.
3096 3066 3375 3134 GERM.
3410 3071 3615 3141 IMP.
3654 3069 3795 3141 ΙΙΙ.

2804 3163 3001 3231 Laeto
3026 3163 3072 3229 I
3069 3163 3116 3227 Ῑ
3113 3213 3129 3229 .
3179 3166 3414 3232 Cereali
3436 3167 3550 3255 aff.

2513 3358 2718 3425 Edito
2751 3360 3201 3425 Nicomediae
3237 3360 3348 3422 die
3386 3358 3505 3422 lv.
3543 3358 3798 3444 Aprilis
3819 3378 3942 3424 na..

2416 3456 2543 3547 tali
2575 3456 2691 3521 suo
2725 3477 3002 3520 munere
3038 3456 3451 3543 gladiatorio
3500 3454 3944 3519 Antiochiam

2419 3553 2573 3618 abit
2606 3552 2914 3639 quaesitis
2955 3551 3163 3617 caulis
3206 3550 3462 3615 bellum
3511 3549 3779 3614 Parthis
3830 3549 3940 3614 fa·

2419 3663 2669 3715 cturus.
2721 3647 2985 3732 Quibus
3027 3660 3210 3712 metu
3256 3644 3663 3733 perterritis,
3715 3657 3784 3708 et
3820 3643 3949 3710 sta·

2288 3794 2299 3804 .
2418 3747 2546 3811 tim
2590 3746 2929 3832 imperata
2986 3742 3394 3809 facientibus
3443 3742 3946 3807 Alexandriam

826 3839 939 3906 effi
965 3839 1152 3927 equis
1185 3841 1391 3904 etiam
1412 3887 1430 3916 ,
1484 3842 1644 3925 quin
1674 3853 1740 3904 et
1769 3840 1966 3905 mulis
1989 3838 2181 3904 fuill‘e
2221 3859 2338 3904 ve·

823 3950 1004 4003 ctam
1046 3938 1337 4001 doceant
1379 3935 1839 4001 monumenta.
1912 3939 2086 4000 vide
2120 3937 2338 4001 Muse-

823 4053 940 4099 um
975 4033 1139 4096 Pio·
1163 4030 1492 4096 Clement.
1528 4022 1591 4114 ιι)
1644 4046 1712 4095 et
1747 4031 2136 4099 Pallen-ium.
2176 4031 2238 4113 ⁸)

921 4141 987 4206 8.
1043 4128 1205 4191 Len.
1256 4128 1492 4191 Videri
1536 4128 1779 4213 poll'et,
1850 4128 2142 4191 indicari
2202 4129 2335 4192 hoc
2414 4122 2517 4196 A.

823 4240 996 4314 typo
1031 4224 1337 4303 leonem,
1410 4243 1606 4307 quem
1679 4222 1902 4288 secum
1965 4220 2336 4287 constanter

893 4487 954 4550 a)
985 4474 1129 4555 Περι
1184 4471 1406 4552 Μηνων
1465 4486 1525 4536 in
1563 4482 1744 4556 Aprili
1781 4501 1830 4545 c.
1866 4499 1920 4549 4.

814 4553 882 4701 3
913 4556 1569 4698 gpgneristzffiyls.
1607 4649 1654 4691 ι.

2118 4482 2176 4547 b)
2214 4484 2279 4537 L.
2316 4484 2612 4537 Lxxvn.
2647 4487 2680 4555 5
2722 4505 2804 4540 ιο.

1906 4564 1961 4631 ο)
2036 4561 2274 4622 Lucem.
2314 4564 2441 4619 Vol.
2478 4565 2527 4615 1.
2566 4582 2626 4635 p.
2662 4581 2747 4634 77.

2420 3840 2906 3930 proficiscitur,
2960 3858 3417 3926 magnamque
3472 3840 3725 3906 civium
3783 3834 3953 3902 stra·

2416 3958 2567 4025 gem
2623 3940 2781 4004 edit.
2833 3938 3009 4002 Vide
3040 3956 3309 4003 numos-

2706 4087 3261 4197 ANTossusz.
3342 4087 3604 4201 inv&
3734 4123 3957 4197 Ave.

2696 4223 2978 4291 GERM.
3032 4229 3237 4313 Caput
3281 4227 3629 4294 laureatum
3658 4227 3727 4291 in
3767 4225 3939 4293 AV.

2996 4488 3044 4553 ο)
3084 4483 3315 4555 Dionys.
3366 4485 3427 4539 1..
3464 4480 3688 4544 xxm,
3726 4502 3780 4537 v.
3816 4502 3952 4555 3⁰9·

3088 4566 3133 4634 f)
3206 4563 3319 4620 Dio
3354 4562 3782 4619 1..an111.
3820 4564 3854 4634 ς
3892 4580 3955 4631 7.
