4242 5459
1103 573 1819 660 BALBINVS,
1885 567 2579 648 PVPIENVS;

3283 610 3426 675 305

1070 873 1689 943 BALBINVS
1779 873 1927 940 ET
2020 837 2651 939 PVPIENV‘S.

391 1059 933 1139 Audito‘Romae
959 1065 1474 1131 Gordianorum·
1497 1067 1562 1127 in
1586 1061 1823 1127 Africa

295 1171 570 1234 interitu
601 1214 621 1244 ,
677 1180 742 1228 et
771 1166 1154 1227 Maximino
1191 1182 1342 1225 cum
1411 1161 1646 1224 valido
1709 1180 1821 1221 ex·

1914 1058 2058 1146 post
2101 1060 2349 1126 milites
2392 1064 2619 1148 aegri,
2691 1062 2877 1147 quod
2946 1064 3110 1125 novi
3163 1064 3438 1150 Augusti

1909 1177 2045 1221 non
2086 1179 2130 1220 a
2170 1157 2270 1235 se,
2323 1157 2431 1222 sed
2473 1159 2698 1223 senatu
2753 1159 2910 1222 lecti
2963 1158 3203 1235 essent,
3279 1181 3433 1224 cum

298 1268 510 1329 ercitu
547 1261 793 1326 Italiae
836 1262 1226 1322 imminente
1291 1257 1556 1320 senatus
1617 1256 1823 1340 trepi-
1905 1272 2129 1338 neque
2208 1251 2325 1338 ipsi
2393 1256 2565 1319 inter
2610 1257 2673 1319 se
2722 1255 2877 1318 satis
2929 1255 3437 1341 conspirarent,

300 1364 427 1425 dus
467 1361 537 1422 in
577 1357 902 1440 ternplum
943 1357 1128 1418 Iovis
1178 1349 1546 1438 Capitolini
1610 1353 1824 1416 advo·

297 1456 445 1531 lat,
513 1472 836 1536 novoque
895 1452 1212 1536 exemplo
1272 1452 1444 1513 duos
1499 1445 1825 1533 Augustos

291 1562 605 1635 aequata
648 1545 980 1634 potestate
1017 1560 1207 1610 creat
1240 1545 1555 1610 Clodium
1591 1544 1824 1608 Balbi-

213 1723 218 1730 ,
257 1651 511 1721 Ἵππη,
565 1657 632 1708 et
671 1645 1055 1706 Maximum
1090 1643 1489 1752 Pupienum.
1543 1643 1707 1705 Erat
1750 1641 1824 1702 il-

297 1743 360 1805 le
394 1758 633 1826 genere
667 1738 1170 1812 nobilissimu3‚
1236 1738 1620 1847 iterumque
1663 1756 1822 1800 con-

297 1838 432 1915 sul,
486 1848 554 1898 et
607 1833 970 1896 multarum
1036 1846 1240 1896 antea
1315 1834 1823 1919 provinciarum

299 1947 525 1997 rector
557 1979 577 2008 ,
631 1950 714 1994 ac
757 1943 1024 2013 praeter
1067 1927 1392 1993 vetustam
1433 1929 1822 2015 prosapiam

303 2033 501 2112 (nam
575 2047 781 2112 genus
851 2027 1094 2088 ducere
1151 2045 1193 2087 a
1247 2025 1565 2088 Cornelio
1599 2025 1822 2088 Balbo

297 2123 731 2208 Theophane
773 2121 1215 2197 credebatur,
1280 2124 1393 2203 qui
1435 2140 1556 2206 per
1623 2121 1823 2183 Pom-

303 2222 530 2306 peium
579 2221 680 2299 Μ.
743 2218 1096 2281 civitatem
1146 2212 1518 2296 meruerat)
1561 2237 1608 2280 a
1681 2236 1823 2278 rno-

305 2317 685 2391 deratione,
737 2313 1181 2376 sanctimonia
1217 2313 1422 2387 vitae,
1477 2310 1825 2389 facundia,

302 2424 448 2474 tum
493 2423 558 2473 et
593 2406 1295 2495 opibus‘domesticis,
1350 2419 1416 2470 et
1451 2428 1671 2470 rerum
1719 2407 1826 2469 fo-

307 2505 588 2569 rensium
629 2506 908 2569 scientia
927 2505 1489 2567 *commendatum
1563 2508 1649 2565 At
1687 2505 1821 2566 Pu-

301 2605 507 2688 pieno
532 2602 750 2665 nullus
783 2601 1148 2684 imaginum
1202 2599 1536 2682 splendor,
1590 2619 1824 2664 verum

271 2698 541 2761 -infimo
576 2699 730 2761 loco
787 2709 984 2782 natus
1024 2715 1143 2780 per
1193 2696 1478 2757 militiae
1553 2696 1824 2760 laudem

297 2797 565 2869 crevit,
634 2814 768 2875 quo
849 2794 1123 2855 nomine
1181 2791 1471 2855 summos
1530 2795 1595 2855 in
1683 2813 1825 2880 rep,

302 2889 770 2974 magistratus,
824 2899 1027 2971 atque
1067 2888 1278 2970 ipsum
1331 2888 1537 2952 etiam
1593 2890 1826 2953 consu-

295 2986 520 3049 latum
561 2985 648 3047 est
693 2989 1006 3069 adeptus.
1066 2983 1379 3045 Ceterum
1428 3005 1549 3069 per
1608 2988 1824 3048 incor-

125 3081 158 3150 .”
289 3087 545 3166 ,ruptos
579 3102 842 3157 mores,
911 3091 978 3142 et
1029 3079 1332 3140 innatam
1402 3080 1823 3144 severitatem

291 3178 569 3264 populo
618 3190 882 3240 amatus
933 3194 1147 3257 aeque
1181 3221 1202 3250 ‚
1268 3193 1352 3237 ac
1387 3173 1822 3243 formidatus,

293 3273 608 3355 vulgato
652 3273 909 3335 senatus
939 3272 1196 3352 judicio
1229 3290 1367 3331 non
1409 3274 1664 3352 quievit
1703 3293 1819 3356 po·

289 3367 552 3458 pulus‚
618 3369 772 3429 dum
834 3365 1216 3430 Gordianus
1282 3386 1449 3450 puer
1547 3368 1821 3432 senioris

273 3483 523 3549 ,nepos
563 3464 816 3547 (tantus
849 3477 992 3526 erat
1031 3468 1168 3542 ejus
1196 3463 1262 3524 in
1286 3460 1673 3527 Gordianos
1704 3465 1819 3527 ad·

1913 1362 2121 1437 capta
2169 1349 2518 1414 occasione
2559 1352 2870 1418 ludorum
2894 1350 3443 1435 Capitolinorum

1912 1446 2158 1510 ambos
2198 1448 2383 1509 omni
2415 1451 2602 1532 prius
2649 1448 3062 1513 contumelia
3125 1448 3439 1513 adfectos

1909 1541 2322 1608 interficiunt
2343 1546 2427 1607 V.
2449 1543 2526 1608 C.
2566 1565 2695 1627 99¹
2727 1557 3014 1609 exeunte
3048 1547 3244 1622 Iulio,
3269 1543 3441 1631 post-

1916 1660 2121 1723 quam
2159 1640 2518 1725 imperium
2552 1644 2621 1704 in
2674 1642 2967 1706 mensem
3017 1643 3286 1705 tertium
3340 1654 3438 1705 te-

1910 1756 2116 1800 nuere
2141 1784 2160 1813 ,
2213 1750 2287 1799 ut
2316 1737 2516 1822 supra
2555 1739 2622 1801 in
2666 1739 3048 1802 Maximino
3086 1735 3440 1804 verisimile

1911 1834 2075 1897 dixi.
2130 1835 2303 1899 Vide
2337 1834 2834 1914 Herodianum,
2859 1847 2925 1912 et
2954 1833 3438 1921 Capitolinum.

2321 2026 2517 2089 Numi
2590 2026 3021 2091 BALBINI.

2259 2119 2343 2184 V.
2384 2123 2610 2207 C.x991
2660 2121 2738 2185 Ρ.
2785 2123 2870 2184 Χ.
2929 2138 3082 2202 238.

2117 2214 2251 2278 ΤΚ.
2294 2215 2376 2280 Ρ.
2438 2215 2617 2280 COS.
2658 2216 2743 2279 ΙΙ.
2780 2218 2857 2281 Ρ.
2908 2221 3006 2286 Μ.
3044 2220 3125 2282 P.
3163 2217 3243 2280 P.

2033 2310 2192 2398 ‚Am
2247 2312 2368 2376 Pio
2391 2356 2409 2388 ,
2479 2313 2796 2377 Pontiano
2846 2312 3118 2378 Proculo
3169 2316 3283 2402 eos.

1911 2494 2013 2574 A.
2205 2503 2394 2565 ΙΜΡ.
2429 2502 2676 2567 CAES.
2717 2503 2807 2566 D.
2844 2501 3102 2570 CAEL.
3134 2504 3437 2570 BALBI.

2206 2599 2405 2663 NVS.
2449 2598 2658 2663 AvG.
2751 2600 2951 2685 Caput
2997 2601 3316 2668 radiatum
3368 2607 3437 2667 in

2201 2695 2355 2761 AR.
2392 2698 2539 2780 maj.
2581 2695 2742 2760 mod.
2797 2707 2857 2760 et
2890 2699 3039 2762 ΑΕ.
3091 2700 3192 2764 II.
3389 2753 3398 2767 .

1911 2782 2002 2860 Β.
2203 2792 2383 2858 ΙΜΡ.
2427 2791 2787 2859 CAES.D.
2835 2791 3095 2858 CAEL.
3134 2796 3431 2858 BALBI·

2204 2888 2401 2951 NVS.
2447 2887 2652 2954 AVG.
2728 2889 2932 2975 Caput
2969 2890 3319 2957 laureatum
3368 2896 3435 2958 in

2202 2984 2355 3050 AR.
2406 2987 2554 3051 min.
2599 2985 2762 3052 mod.
2812 2997 2872 3051 et
2907 2988 3061 3053 ΑΕ.
3103 2991 3171 3056 I.

1912 3071 2000 3148 C.
2197 3081 2387 3146 ΙΜΡ.
2424 3081 2500 3146 c,
2544 3082 3431 3149 D.CAEL.BAL131NVS.

2197 3175 2412 3243 AVG.
2468 3179 2670 3262 Caput
2702 3179 3050 3246 laureatum
3081 3184 3148 3245 in
3187 3183 3250 3248 A
3258 3181 3343 3249 V.
3374 3192 3433 3246 et

2658 3367 2691 3402 fl

2206 3462 2301 3528 Vt
2348 3463 2445 3528 tit:
2478 3421 2583 3530 Ἀ.
2644 3476 2704 3529 et
2750 3422 2875 3530 Bf

273 3558 563 3640 fectus)
637 3559 937 3622 Caesaris
1018 3563 1291 3623 nomine
1385 3558 1819 3645 insigniretur.
1901 3560 2194 3633 AMOR
2231 3561 2634 3624 MVTVVS.
2672 3557 2925 3623 AVGG
3005 3559 3186 3628 Duae
3219 3563 3426 3629 dexte·

289 3656 464 3737 Quo
507 3655 694 3720 facto
719 3657 1057 3741 Pupienus
1094 3657 1181 3719 ad
1219 3654 1468 3717 bellum
1503 3657 1821 3720 Maximi·
1897 3655 2013 3721 ebe
2035 3658 2313 3742 junctae.
2340 3657 2487 3723 AV.
2543 3657 2792 3741 (Beger
2821 3655 3019 3718 Thes.
3050 3658 3300 3727 Brand.
3336 3663 3423 3728 T.

284 3771 387 3817 ro
421 3750 813 3816 faciendum
851 3752 1135 3837 egress'us
1165 3750 1456 3814 Balbino
1479 3753 1566 3815 ad
1586 3753 1820 3816 urbem

285 3863 737 3926 remanente,
790 3869 1168 3934 gravesque
1200 3846 1591 3926 seditiones,
1645 3870 1821 3932 quae

290 3943 556 4008 milites
593 3948 769 4009 inter
821 3966 901 4008 ac
955 3943 1281 4030 populum
1352 3958 1631 4009 exortae
1678 3944 1820 4008 fue-

214 4061 222 4068 ·
291 4050 512 4115 rant,
555 4042 894 4127 perpesso.
963 4040 1175 4104 Caeso
1212 4044 1384 4103 inter
1433 4042 1601 4105 haec
1636 4045 1822 4127 apud

285 4135 691 4218 Aquileiam
743 4138 1122 4201 Maximino
1144 4138 1529 4222 Pupienus,
1581 4139 1696 4224 qui
1732 4140 1821 4204 ad

281 4235 685 4318 parandum
710 4233 958 4298 bellum
984 4235 1351 4295 Ravennae
1376 4235 1701 4298 hactenus
1721 4257 1820 4299 re-

281 4327 500 4401 stitit,
553 4330 857 4393 reversus
901 4333 967 4394 in
1007 4329 1285 4404 urbem,
1343 4343 1410 4392 et
1439 4333 1819 4396 incredibili

1905 3752 1993 3815 11.
2042 3774 2108 3837 p.
2158 3771 2343 3836 723,
2398 3753 2506 3817 sed
2544 3752 2729 3830 cujus
2783 3753 2950 3817 mibi
3002 3751 3299 3842 suspecta
3351 3757 3424 3822 fi·

1907 3846 2083 3931 des.)
2138 3850 2284 3912 AR.
2339 3837 2616 3933 (Vaill.)

2198 3947 2434 4011 Eadem
2473 3948 2747 4034 adversa.

1909 4025 2323 4105 CARITAS.
2358 4045 2711 4107 MVTVA.
2736 4041 3011 4107 AVGG.
3067 4045 3426 4117 Duaedm-

1912 4141 2378 4227 teraejunrtae.
2435 4143 2576 4206 AR.
2618 4141 2903 4225 (Vaill.)

2202 4235 2459 4302 Eadem
2479 4238 2751 4323 adversa.

1903 4333 2186 4396 FIDES.
2225 4334 2873 4412 MVTVA.AVGG.
2941 4338 3116 4407 Duae
3139 4336 3430 4406 dexterae

275 4424 564 4488 laetitia
597 4426 943 4512 aconlega
973 4426 1304 4506 Balbino,
1354 4428 1821 4513 patribusque,
1885 4431 2163 4519 junctas.
2218 4434 2364 4496 AR.
2417 4433 2622 4516 (Mus.
2653 4430 2877 4517 Caes.)

275 4540 376 4587 ac
429 4521 689 4605 populo
719 4537 1052 4610 exceptus
1098 4520 1207 4587 est.
1294 4528 1381 4589 At
1419 4543 1555 4591 non
1605 4525 1846 4593 multo.

388 4616 592 4704 (Vol.
638 4618 843 4704 Vn.)

2203 4529 2440 4595 Eadem
2478 4531 2757 4615 adveqia.
2906 4626 2968 4709 Q

2116 4655 2125 4663 '
2444 4685 2451 4694 ·
2994 4646 3039 4711 <1
