4242 5459
792 597 889 646 ²10

797 766 1079 834 adfuisse
1104 790 1188 834 ex
1214 768 1591 856 provinciis
1627 779 1983 845 oratores,
2036 767 2149 852 qui
2183 786 2321 828 mu·

794 886 919 929 nus
940 868 1357 951 imperatori
1397 862 1775 944 deferrent,
1828 875 1895 927 et
1953 884 2104 936 cum
2153 861 2322 926 illud

785 963 1111 1027 oblatum
1167 961 1238 1024 fit
1283 960 1482 1024 causa
1524 962 1917 1046 adoptionis
1950 954 2131 1023 anno
2166 977 2320 1042 pro·

790 1060 989 1124 xime
1021 1058 1358 1145 superiore
1400 1069 1759 1141 peractae,
1792 1069 1883 1146 ,et
1921 1056 2176 1119 necesse
2216 1052 2323 1116 fu·

780 1156 975 1233 ecrit,
1043 1147 1281 1235 justum
1335 1153 1751 1216 intercedere
1800 1165 2107 1237 tempus,
2162 1153 2320 1214 dum

806 1269 889 1313 ea
924 1251 1209 1335 adoptio
1256 1247 1696 1312 innotesceret
1734 1248 2108 1333 provinciis
2142 1295 2160 1323 ,
2212 1263 2321 1309 co·

760 1358 1082 1432 geretur·
1107 1366 1384 1425 aurum,
1455 1358 1763 1409 oratores
1826 1365 1910 1408 ex
1964 1341 2322 1407 remotissi-

802 1443 931 1506 mis
974 1435 1361 1527 regionibus
1393 1444 1662 1505 Romae
1702 1440 2052 1517 adessent,

806 1539 990 1601 catio
1027 1541 1169 1621 ejus
1197 1536 1345 1600 auri
1388 1538 1731 1600 coronarii
1753 1537 1981 1599 saltem
2023 1556 2066 1598 a
2099 1552 2322 1597 remo-

783 1631 1090 1697 ·tioribus
1152 1631 1524 1718 provinciis
1595 1631 1712 1694 nifi
1782 1631 1896 1695 sub
1958 1643 2318 1696 exeuntem

777 1749 1052 1794 annum
1088 1728 1532 1816 superiorem,
1586 1729 2077 1791 autineuntem
2121 1745 2317 1810 prae·

791 1825 1045 1892 sentem
1080 1844 1211 1886 non
1248 1825 1475 1909 potuit
1516 1824 1793 1910 peragi,
1843 1823 2056 1886 multo
2097 1823 2319 1883 minus

754 1981 759 1990 ,
792 1919 1012 1998 hi‚-de
1048 1919 1611 2005 quibusagimus,
1630 1920 1817 1982 numi
1852 1917 2063 1982 feriri.
2114 1917 2316 2001 Egre-

784 2015 904 2100 gie
932 2015 1522 2101 .igitur·conspirat
1552 2026 1744 2078 aetas
1785 2032 2144 2078 numorum
2164 2032 2320 2077 cum

780 2124 1105 2196 tempore
1128 2111 1427 2174 dedicati
1449 2110 1765 2177 muneris.
1813 2114 1906 2173 At
1932 2130 2146 2195 aeque
2166 2128 2318 2174 cum

793 2208 1118 2270 sententia
1156 2225 1316 2269 mea
1352 2206 1691 2291 conspirat
1732 2219 1800 2269 et
1830 2219 2061 2291 typus,
2112 2204 2318 2269 Exhi-

792 2303 913 2366 bet
946 2302 1058 2365 hic
1113 2299 1385 2365 stantem
1428 2302 1831 2387 provinciae
1851 2303 2144 2387 genium,
2202 2300 2318 2386 qui

792 2418 1005 2463 manu
1046 2410 1321 2461 extenta
1359 2398 1526 2461 illud
1558 2446 1580 2481 ,
1632 2400 1815 2481 quod
1860 2396 2102 2483 gestat,
2156 2417 2315 2484 por-

795 2495 990 2580 rigit,
1044 2494 1160 2577 qui
1199 2492 1352 2556 sane
1407 2491 1620 2580 gestus
1677 2493 1763 2556 est
1821 2494 2081 2578 aliquid
2148 2493 2314 2559 offe-

792 2591 1044 2662 rentis3
1098 2589 1283 2672 quod
1317 2608 1481 2652 vero
1522 2608 1727 2651 manu
1757 2587 2000 2674 gestat,
2052 2592 2121 2650 in
2162 2588 2315 2652 aliis

799 2684 1040 2769 capsa,
1090 2683 1205 2747 vel
1240 2683 1515 2768 arcula,
1568 2695 1774 2766 prout
1801 2685 2117 2746 nimirum
2156 2703 2311 2767 pro-

795 2781 1177 2841 vinciarum
1220 2797 1456 2841 munus
1483 2779 1595 2843 vel
1627 2798 1700 2841 re
1732 2777 1876 2862 ipsa
1907 2797 2164 2841 corona
2198 2798 2314 2841 au·

794 2895 916 2939 rea
944 2873 1114 2952 fuit,
1167 2875 1280 2935 vel
1311 2895 1549 2938 aurum
1582 2873 1823 2958 capsae
1855 2874 2202 2950 inclusum,
2249 2889 2316 2938 et

796 2989 1095 3035 coronae
1148 2988 1397 3033 aureae
1452 2970 1725 3033 nomine
1778 2971 2060 3044 datum,
2137 2989 2313 3054 quae

795 3063 1166 3150 peristaiis‚
1217 3077 1360 3127 tum
1404 3079 1469 3129 et
1507 3065 1796 3129 recitata
1845 3064 2169 3129 hactenus
2219 3078 2313 3129 te-

796 3160 1145 3224 stimonia
1125 3162 1426 3244 iniquam
1449 3161 1748 3225 Turnebi
1770 3161 2310 3225 criminationem

798 3268 1129 3340 arguunt,
1182 3276 1335 3320 cum
1363 3259 1500 3321 ait:
1540 3255 1606 3336 ⁸)
1660 3258 2015 3341 Nugantur
2045 3255 2145 3323 hic
2162 3278 2311 3322 non·

791 3356 973 3434 nulli,
1026 3372 1068 3416 a
1104 3353 1591 3438 provincialibus
1643 3353 1836 3418 datas
1878 3353 2024 3418 bene
2072 3356 2315 3419 meritis

791 3448 1141 3515 rectoribus
1204 3451 1411 3540 Initio-
1461 3469 1763 3527 coronas,
1826 3452 2029 3535 postea
2084 3471 2310 3515 aarum

782 3569 910 3632 pro
961 3548 1248 3635 coronis,
1316 3545 1589 3611 homines
1635 3549 2036 3632 antiquitatis
2063 3549 2305 3632 ignari.

797 3642 1274 3706 observandus
1322 3656 1678 3728 praeterea
1724 3657 1931 3727 typus
1971 3642 2308 3728 expressus

793 3739 863 3800 in
912 3757 1117 3799 numo
1182 3733 1493 3821 Africae,
1577 3739 1691 3822 qui
1752 3738 1900 3802 finit
1960 3739 2309 3802 mulierem

792 3850 1086 3917 propere
1130 3832 1598 3916 gradientem,
1650 3834 1966 3896 nimirum
2015 3835 2308 3898 sedulam

797 3930 866 3989 in
896 3923 1245 3990 offerenda
1287 3946 1583 4005 corona',
1640 3947 1843 4011 quam
1876 3949 2078 3992 manu
2109 3950 2312 4014 prae-

796 4022 951 4085 fert.
1002 4020 1111 4085 Est
1152 4019 1326 4086 hae‘c
1373 4042 1631 4087 corona
1689 4025 1970 4107 majoris
2020 4026 2314 4088 volumi·

793 4118 896 4180 nis
918 4162 938 4192 ‚
992 4137 1194 4201 quam
1228 4120 1545 4182 videatur
1567 4116 1897 4205 postulare
1931 4121 2315 4205 proportio-

793 4214 894 4277 nis
932 4214 1041 4277 lex
1067 4261 1086 4289 ‚
1139 4233 1380 4300 nempe
1415 4216 1483 4277 in
1527 4214 2035 4280 ostentationem
2064 4262 2082 4291 ‚
2155 4235 2313 4297 qua-

798 4308 896 4373 les
930 4306 1119 4373 fuere
1151 4309 1337 4388 illae,
1394 4330 1680 4393 quarum
1730 4313 2175 4372 meminerunt
2211 4312 2318 4372 lu-

865 4547 942 4611 a)
964 4541 1037 4596 ad
1076 4544 1249 4598 Cicer.
1300 4554 1438 4604 orat
1493 4541 1564 4594 de
1617 4543 1737 4610 lege
1791 4560 1858 4613 ag
1862 4561 1901 4595 r.
1952 4561 2000 4603 e
2037 4559 2088 4606 4.

798 4614 854 4676 d)
897 4613 965 4667 de
986 4614 1203 4666 Corona
1222 4612 1379 4670 milit,
1471 4614 1524 4677 e)
1552 4611 1625 4672 1..
1642 4561 1897 4682 XL11‚g,§
1918 4626 2005 4679 49.

2134 1438 2322 1503 ‘dedi-
2404 1445 2456 1503 A

2355 4544 2408 4602 b)
2461 4544 2574 4595 Sat.
2627 4546 2703 4604 X.
2750 4563 2837 4616 39.

2113 4612 2169 4679 s)
2210 4611 2346 4672 Bell,
2367 4611 2487 4665 lud.
2507 4614 2723 4667 L.V11.
2746 4634 2861 4686 c.5.

1641 541 1668 550 ”
1733 563 2547 661 AN‘RONINVS
2646 567 2976 642 P1vs

2401 768 2691 844 venalis,
2742 754 2833 848 1’)
2859 778 2925 829 et
2963 763 3212 841 Festus,
3265 765 3320 846 θ)
3375 777 3441 828 et
3491 765 3716 845 lepide
3758 767 3924 830 Ter·

2404 866 2767 927 tullianus:
2844 854 2898 937 ἆ)
2933 864 3095 972 sunt.
3128 870 3187 925 et
3237 863 3648 946 provinciales
3693 884 3930 930 aureae

2402 981 2664 1024 coronae
2693 961 3040 1043 imaginum
3060 960 3200 1042 jam
3225 1005 3243 1033 ,
3295 978 3420 1022 non
3461 960 3762 1035 virorum,
3815 982 3925 1025 ca-

2395 1059 2541 1141 pita
2604 1058 2851 1141 majora
2884 1065 3291 1140 quaerentes.
3446 1039 3641 1136 Quae
3715 1059 3928 1120 modo

2405 1154 2587 1227 dixi,
2644 1152 2991 1236 praeclare
3024 1148 3509 1213 confirmantur
3548 1154 3763 1214 numis
3799 1149 3925 1216 ob-

2405 1249 2534 1311 viis
2572 1247 2980 1311 Antiochiae
3021 1246 3300 1329 Syriae,
3353 1247 3422 1308 in
3465 1266 3749 1330 qnorum
3799 1269 3926 1311 an..

2404 1345 2542 1407 tica
2608 1343 2895 1426 legitur:
2989 1344 3377 1406 ΚΑΙΣΑΡῙ.
3462 1343 3921 1409 ΣΕΒΛΣΤΩ.

2523 1440 2853 1508 ΧΙΕΡΕΙ,
2924 1437 2992 1499 in
3060 1438 3299 1500 aversa
3371 1439 3548 1500 intra
3590 1458 3921 1503 coronam

2406 1541 2453 1599 A
2517 1535 3093 1599 XlEPATlKON.
3146 1535 3682 1610 ΑΝΤΙΟΧΕΙΣ,
3737 1539 3924 1612 cuius

2402 1630 2851 1714 inscriptionis
2907 1629 3137 1691 unitae
3193 1630 3404 1692 sensus
3461 1628 3588 1691 est:
3672 1631 3923 1716 Caesari

2398 1724 2971 1811 Augustopontzjficae·
2998 1745 3169 1788 max.
3221 1723 3648 1811 Antiochenses
3686 1726 3762 1789 ob
3771 1727 3922 1813 sus-

2398 1833 2633 1906 ceptum
2705 1821 3133 1908 pontificatum
3185 1842 3358 1886 max.
3433 1840 3760 1884 coronam
3803 1823 3918 1886 de·

2400 1920 2649 1981 dicant.

2494 2014 2727 2076 videri
2764 2014 2971 2096 possit
3021 2011 3281 2076 obstare
3320 2013 3476 2076 huic
3528 2013 3915 2093 sententiae,

2402 2111 2585 2192 quod
2607 2113 2799 2191 juxta
2832 2111 3222 2192 provincias
3246 2109 3511 2195 imperii
3551 2110 3634 2172 R.
3660 2130 3914 2173 memo-

2397 2219 2630 2269 rantur
2670 2206 2874 2268 etiam
2924 2203 3337 2268 PARTHIA
3386 2215 3454 2266 et
3494 2203 3912 2283 SCYTHIA,

2400 2300 2667 2385 quibus»,
2716 2312 2949 2386 utpote
2992 2302 3264 2381 exteris,
3304 2302 3626 2384 imperari
3661 2301 3914 2364 donum

2396 2395 2564 2460 iflud
2595 2417 2730 2460 non
2769 2400 3009 2481 potuit.
3069 2402 3156 2459 At
3190 2399 3364 2459 enim
3403 2398 3588 2479 quod
3639 2398 3912 2480 provin·

2397 2494 2546 2556 ciae
2595 2513 2680 2556 ex
2721 2493 3238 2568 consuetudine,
3321 2513 3496 2576 quae
3561 2496 3629 2555 in
3697 2492 3911 2577 [egem

2394 2589 2639 2664 vertit,
2708 2589 3000 2672 pendere
3057 2588 3390 2664 solebant,
3462 2587 3626 2652 istud
3681 2588 3914 2676 injuss‘u

2393 2680 2778 2767 praestitere
2817 2685 3122 2746 nationes
3161 2697 3474 2761 exterae,
3546 2685 3675 2748 sive
3727 2686 3911 2766 quod

2396 2780 2555 2843 socii
2604 2780 2841 2859 essent,
2896 2792 3100 2862 atque
3163 2781 3409 2858 amici,
3485 2780 3613 2843 five
3661 2792 3732 2843 ut
3789 2799 3912 2863 per

2397 2877 2614 2957 spem,
2670 2890 2786 2938 aut
2809 2888 3061 2937 metum
3100 2875 3647 2938 benevolentiam
3677 2886 3911 2958 capta·

2394 2984 2564 3034 rent.
2619 2971 2687 3033 Si
2727 2992 2960 3034 verum
3010 2967 3134 3047 est,
3191 2973 3374 3054 quod
3399 2969 3604 3034 refert
3628 2971 3913 3035 Photius

2397 3086 2484 3132 ex
2511 3068 2873 3154 Memqone
2897 3078 3174 3130 auctore
3193 3065 3505 3129 historiae
3533 3066 3912 3148 Heracleae

2394 3164 2632 3238 Ponti,
2687 3164 2982 3224 Romani
3020 3162 3411 3226 Alexandro
3444 3164 3539 3226 M.
3567 3163 3815 3225 bellum
3840 3162 3911 3225 in

2393 3258 2626 3322 Persas
2664 3260 2929 3341 paranti
2965 3261 3186 3342 magni
3211 3262 3409 3343 pretii
3434 3278 3756 3322 coronam
3794 3276 3912 3319 au·

2395 3374 2579 3418 ream
2620 3353 3087 3416 observantiae
3125 3355 3322 3419 causa
3358 3356 3539 3417 dono
3571 3354 3907 3418 miserunt.

2394 3444 2799 3513 Perhibente
2859 3450 3083 3512 Dione
3139 3449 3197 3531 e)
3258 3451 3504 3514 multas
3557 3452 3610 3515 1.
3663 3449 3912 3514 Caesar

2395 3566 2684 3610 coronas
2726 3567 2767 3608 a
2818 3546 3083 3629 regibus
3112 3596 3130 3627 ,
3182 3546 3734 3634 principibusque
3768 3544 3918 3631 post

2395 3642 2649 3706 relatas
2710 3654 2813 3704 tot
2874 3644 3020 3705 suas
3072 3643 3397 3705 victorias
3466 3644 3770 3729 accepit,
3844 3635 3913 3704 et

2399 3741 2581 3825 quod
2615 3739 2746 3801 huc
2799 3739 3094 3800 maxime
3140 3740 3464 3822 pertinet,
3529 3751 3760 3801 narrat
3802 3739 3909 3800 Io·

2397 3836 2683 3920 sephus,
2735 3824 2793 3916 f)
2846 3832 3164 3897 Parthiae
3217 3834 3466 3918 Regem
3505 3835 3912 3922 Volagasem

2396 3932 2561 3994 Tito
2601 3929 2690 3993 ob
2743 3930 3028 3993 relatam
3096 3930 3182 3992 de
3242 3930 3511 3993 Iudaeis
3548 3931 3914 3993 victoriam
4023 3959 4034 3966 ·

2397 4026 2627 4087 misisse
2669 4043 2992 4088 coronam
3039 4045 3317 4088 auream
3345 4073 3363 4101 ,
3405 4043 3649 4111 ,neque
3697 4026 3912 4089 aboli-

2397 4131 2538 4181 tum
2584 4120 2761 4182 hunc
2801 4119 2989 4184 fuiss'e
3023 4120 3572 4185 aevoinferiore
3625 4141 3912 4200 morem,

2361 4213 2674 4277 ·testatur
2716 4216 3039 4279 Eusebius
3108 4237 3432 4294 narr-ana,
3479 4217 3544 4298 ὅ)
3599 4215 3916 4281 Constan-

2402 4312 2544 4371 tino
2576 4325 2617 4371 a
2650 4311 3112 4376 remotissimis
3142 4314 3452 4400 gentibus
3489 4314 3761 4378 oblatas
3804 4332 3926 4376 coe

3115 4549 3165 4609 e)
3219 4551 3274 4600 in
3314 4547 3632 4605 Donaeicae
3665 4567 3917 4603 coronae.

2955 4619 3007 4685 g)
3043 4618 3100 4674 in
3117 4618 3249 4670 Vita
3267 4618 3445 4674 Confi.
3468 4619 3549 4679 Μ
3568 4621 3629 4672 L.
3654 4619 3912 4686 V11.e.7
