<?xml version="1.0" encoding="UTF-8"?>
<!DOCTYPE html PUBLIC "-//W3C//DTD XHTML 1.0 Transitional//EN"
    "http://www.w3.org/TR/xhtml1/DTD/xhtml1-transitional.dtd">
<html xmlns="http://www.w3.org/1999/xhtml" xml:lang="en" lang="en">
 <head>
  <title>
</title>
<meta http-equiv="Content-Type" content="text/html;charset=utf-8" />
  <meta name='ocr-system' content='tesseract 3.04.00' />
  <meta name='ocr-capabilities' content='ocr_page ocr_carea ocr_par ocr_line ocrx_word'/>
</head>
<body>
  <div class='ocr_page' id='page_1' title='image "./doctrinanumorum03unkngoog/doctrinanumorum03unkngoog_0321.png"; bbox 0 0 4242 5459; ppageno 0'>
   <div class='ocr_carea' id='block_1_1' title="bbox 1413 537 2396 646">
    <p class='ocr_par' dir='ltr' id='par_1_1' title="bbox 1413 537 2396 646">
     <span class='ocr_line' id='line_1_1' title="bbox 1413 537 2396 646; baseline -0.006 0"><span class='ocrx_word' id='word_1_1' title='bbox 1413 537 2212 646; x_wconf 73' lang='lat' dir='ltr'>MAxmm‘vs</span> <span class='ocrx_word' id='word_1_2' title='bbox 2330 565 2396 642; x_wconf 87' lang='lat'>1.-</span> 
     </span>
    </p>
   </div>
   <div class='ocr_carea' id='block_1_2' title="bbox 287 770 1836 2396">
    <p class='ocr_par' dir='ltr' id='par_1_2' title="bbox 287 770 1836 2396">
     <span class='ocr_line' id='line_1_2' title="bbox 610 770 1829 853; baseline -0.001 -13"><span class='ocrx_word' id='word_1_3' title='bbox 610 784 678 840; x_wconf 81' lang='lat' dir='ltr'>ta</span> <span class='ocrx_word' id='word_1_4' title='bbox 707 773 1001 853; x_wconf 74' lang='lat' dir='ltr'>adversa,</span> <span class='ocrx_word' id='word_1_5' title='bbox 1049 775 1402 841; x_wconf 74' lang='lat' dir='ltr'><strong><em>Maximini</em></strong></span> <span class='ocrx_word' id='word_1_6' title='bbox 1443 770 1829 852; x_wconf 75' lang='lat' dir='ltr'>laureatum,</span> 
     </span>
     <span class='ocr_line' id='line_1_3' title="bbox 604 872 1396 938; baseline 0.004 -2"><span class='ocrx_word' id='word_1_7' title='bbox 604 874 886 936; x_wconf 81' lang='lat' dir='ltr'><em>Maximi</em></span> <span class='ocrx_word' id='word_1_8' title='bbox 917 872 1170 938; x_wconf 74' lang='lat' dir='ltr'>nudum.</span> <span class='ocrx_word' id='word_1_9' title='bbox 1383 911 1396 924; x_wconf 90' lang='lat'><em>·</em></span> 
     </span>
     <span class='ocr_line' id='line_1_4' title="bbox 313 965 1829 1036; baseline -0.006 -2"><span class='ocrx_word' id='word_1_10' title='bbox 313 968 387 1034; x_wconf 90' lang='lat' dir='ltr'>P.</span> <span class='ocrx_word' id='word_1_11' title='bbox 431 967 530 1036; x_wconf 83' lang='lat' dir='ltr'>M.</span> <span class='ocrx_word' id='word_1_12' title='bbox 565 967 715 1029; x_wconf 70' lang='grc' dir='ltr'>ΤΒ.</span> <span class='ocrx_word' id='word_1_13' title='bbox 754 970 827 1031; x_wconf 89' lang='lat' dir='ltr'>P.</span> <span class='ocrx_word' id='word_1_14' title='bbox 864 967 1244 1034; x_wconf 58' lang='lat' dir='ltr'>mneos,</span> <span class='ocrx_word' id='word_1_15' title='bbox 1279 965 1353 1030; x_wconf 89' lang='lat' dir='ltr'>P.</span> <span class='ocrx_word' id='word_1_16' title='bbox 1377 967 1454 1031; x_wconf 86' lang='grc' dir='ltr'>Ρ.</span> <span class='ocrx_word' id='word_1_17' title='bbox 1512 968 1829 1034; x_wconf 68' lang='lat' dir='ltr'>Maximi-</span> 
     </span>
     <span class='ocr_line' id='line_1_5' title="bbox 311 1063 1836 1154; baseline -0.001 -25"><span class='ocrx_word' id='word_1_18' title='bbox 311 1085 430 1129; x_wconf 75' lang='lat' dir='ltr'>nas</span> <span class='ocrx_word' id='word_1_19' title='bbox 469 1063 814 1149; x_wconf 79' lang='lat' dir='ltr'>paludatus</span> <span class='ocrx_word' id='word_1_20' title='bbox 874 1067 1038 1129; x_wconf 71' lang='lat' dir='ltr'>inter</span> <span class='ocrx_word' id='word_1_21' title='bbox 1078 1065 1269 1154; x_wconf 82' lang='lat' dir='ltr'>figna</span> <span class='ocrx_word' id='word_1_22' title='bbox 1317 1067 1620 1131; x_wconf 69' lang='lat' dir='ltr'>militaria</span> <span class='ocrx_word' id='word_1_23' title='bbox 1653 1068 1836 1148; x_wconf 78' lang='lat' dir='ltr'>stans</span> 
     </span>
     <span class='ocr_line' id='line_1_6' title="bbox 313 1160 1829 1236; baseline -0.001 -11"><span class='ocrx_word' id='word_1_24' title='bbox 313 1171 458 1225; x_wconf 77' lang='lat' dir='ltr'>ante</span> <span class='ocrx_word' id='word_1_25' title='bbox 485 1181 668 1225; x_wconf 82' lang='lat' dir='ltr'>aram</span> <span class='ocrx_word' id='word_1_26' title='bbox 689 1170 1034 1225; x_wconf 78' lang='lat' dir='ltr'><em>coronatur</em></span> <span class='ocrx_word' id='word_1_27' title='bbox 1057 1161 1138 1228; x_wconf 80' lang='lat' dir='ltr'>ab</span> <span class='ocrx_word' id='word_1_28' title='bbox 1173 1160 1433 1225; x_wconf 75' lang='lat' dir='ltr'>Hercule</span> <span class='ocrx_word' id='word_1_29' title='bbox 1468 1173 1641 1226; x_wconf 83' lang='lat' dir='ltr'>retro</span> <span class='ocrx_word' id='word_1_30' title='bbox 1661 1163 1829 1236; x_wconf 67' lang='lat' dir='ltr'>Ran-</span> 
     </span>
     <span class='ocr_line' id='line_1_7' title="bbox 311 1255 1834 1342; baseline 0.001 -22"><span class='ocrx_word' id='word_1_31' title='bbox 311 1267 410 1334; x_wconf 79' lang='lat' dir='ltr'>te,·</span> <span class='ocrx_word' id='word_1_32' title='bbox 459 1277 540 1320; x_wconf 83' lang='lat' dir='ltr'>ex</span> <span class='ocrx_word' id='word_1_33' title='bbox 577 1255 828 1340; x_wconf 54' lang='lat' dir='ltr'>adverso</span> <span class='ocrx_word' id='word_1_34' title='bbox 867 1257 1052 1342; x_wconf 72' lang='lat' dir='ltr'>stans</span> <span class='ocrx_word' id='word_1_35' title='bbox 1120 1260 1450 1322; x_wconf 81' lang='lat' dir='ltr'><em>Maximus</em></span> <span class='ocrx_word' id='word_1_36' title='bbox 1492 1257 1834 1342; x_wconf 78' lang='lat' dir='ltr'>paludatus</span> 
     </span>
     <span class='ocr_line' id='line_1_8' title="bbox 310 1350 1833 1441; baseline -0.001 -24"><span class='ocrx_word' id='word_1_37' title='bbox 310 1353 375 1417; x_wconf 77' lang='lat' dir='ltr'>d.</span> <span class='ocrx_word' id='word_1_38' title='bbox 423 1362 712 1435; x_wconf 81' lang='lat' dir='ltr'>pateram</span> <span class='ocrx_word' id='word_1_39' title='bbox 745 1352 778 1427; x_wconf 82' lang='grc'>,’</span> <span class='ocrx_word' id='word_1_40' title='bbox 798 1351 856 1436; x_wconf 88' lang='lat' dir='ltr'>s.</span> <span class='ocrx_word' id='word_1_41' title='bbox 902 1350 1173 1441; x_wconf 82' lang='lat' dir='ltr'>hastam,</span> <span class='ocrx_word' id='word_1_42' title='bbox 1226 1357 1322 1417; x_wconf 78' lang='lat' dir='ltr'>cui</span> <span class='ocrx_word' id='word_1_43' title='bbox 1360 1353 1555 1434; x_wconf 78' lang='lat' dir='ltr'>adstat</span> <span class='ocrx_word' id='word_1_44' title='bbox 1611 1353 1833 1436; x_wconf 80' lang='lat' dir='ltr'><em>Apollo</em></span> 
     </span>
     <span class='ocr_line' id='line_1_9' title="bbox 311 1447 1832 1534; baseline 0.001 -23"><span class='ocrx_word' id='word_1_45' title='bbox 311 1447 521 1512; x_wconf 77' lang='lat' dir='ltr'>nudus</span> <span class='ocrx_word' id='word_1_46' title='bbox 539 1448 599 1534; x_wconf 90' lang='lat' dir='ltr'><em>s</em></span> <span class='ocrx_word' id='word_1_47' title='bbox 629 1466 862 1511; x_wconf 60' lang='lat' dir='ltr'>arcum</span> <span class='ocrx_word' id='word_1_48' title='bbox 905 1456 1130 1514; x_wconf 74' lang='lat' dir='ltr'>tenens·</span> <span class='ocrx_word' id='word_1_49' title='bbox 1227 1451 1312 1515; x_wconf 81' lang='lat' dir='ltr'>In</span> <span class='ocrx_word' id='word_1_50' title='bbox 1365 1452 1586 1513; x_wconf 66' lang='lat' dir='ltr'>lton-um</span> <span class='ocrx_word' id='word_1_51' title='bbox 1639 1449 1832 1512; x_wconf 78' lang='lat' dir='ltr'>medio</span> 
     </span>
     <span class='ocr_line' id='line_1_10' title="bbox 287 1542 1836 1631; baseline 0.003 -26"><span class='ocrx_word' id='word_1_52' title='bbox 287 1546 431 1631; x_wconf 70' lang='lat' dir='ltr'>stat</span> <span class='ocrx_word' id='word_1_53' title='bbox 467 1543 687 1612; x_wconf 71' lang='lat' dir='ltr'>mulier</span> <span class='ocrx_word' id='word_1_54' title='bbox 730 1542 989 1626; x_wconf 79' lang='lat' dir='ltr'><em>globum</em></span> <span class='ocrx_word' id='word_1_55' title='bbox 1030 1548 1255 1630; x_wconf 74' lang='lat' dir='ltr'>juncta</span> <span class='ocrx_word' id='word_1_56' title='bbox 1315 1555 1582 1631; x_wconf 78' lang='lat' dir='ltr'>utraque</span> <span class='ocrx_word' id='word_1_57' title='bbox 1647 1566 1836 1612; x_wconf 74' lang='lat' dir='ltr'>manu</span> 
     </span>
     <span class='ocr_line' id='line_1_11' title="bbox 309 1638 1831 1725; baseline 0.001 -23"><span class='ocrx_word' id='word_1_58' title='bbox 309 1649 540 1702; x_wconf 72' lang='lat' dir='ltr'>tenens.</span> <span class='ocrx_word' id='word_1_59' title='bbox 594 1638 735 1700; x_wconf 83' lang='grc' dir='ltr'>ΑΕ.</span> <span class='ocrx_word' id='word_1_60' title='bbox 785 1659 969 1701; x_wconf 80' lang='lat' dir='ltr'>max.</span> <span class='ocrx_word' id='word_1_61' title='bbox 1020 1643 1200 1706; x_wconf 88' lang='lat' dir='ltr'>mod.</span> <span class='ocrx_word' id='word_1_62' title='bbox 1248 1663 1333 1724; x_wconf 77' lang='lat' dir='ltr'>ex</span> <span class='ocrx_word' id='word_1_63' title='bbox 1380 1643 1650 1725; x_wconf 80' lang='lat' dir='ltr'>duplice</span> <span class='ocrx_word' id='word_1_64' title='bbox 1696 1661 1831 1704; x_wconf 89' lang='lat' dir='ltr'>me·</span> 
     </span>
     <span class='ocr_line' id='line_1_12' title="bbox 307 1732 1022 1816; baseline 0 -19"><span class='ocrx_word' id='word_1_65' title='bbox 307 1733 501 1798; x_wconf 79' lang='lat' dir='ltr'>talio.</span> <span class='ocrx_word' id='word_1_66' title='bbox 556 1732 760 1816; x_wconf 84' lang='lat' dir='ltr'>(Mus.</span> <span class='ocrx_word' id='word_1_67' title='bbox 800 1732 1022 1812; x_wconf 85' lang='lat' dir='ltr'>Caes.)</span> 
     </span>
     <span class='ocr_line' id='line_1_13' title="bbox 407 1829 1834 1909; baseline 0.005 -20"><span class='ocrx_word' id='word_1_68' title='bbox 407 1829 613 1902; x_wconf 87' lang='lat' dir='ltr'><strong>Vide,</strong></span> <span class='ocrx_word' id='word_1_69' title='bbox 669 1840 851 1909; x_wconf 84' lang='lat' dir='ltr'>quae</span> <span class='ocrx_word' id='word_1_70' title='bbox 887 1831 972 1892; x_wconf 82' lang='lat' dir='ltr'>de</span> <span class='ocrx_word' id='word_1_71' title='bbox 1010 1831 1365 1896; x_wconf 87' lang='lat' dir='ltr'>hocnumo</span> <span class='ocrx_word' id='word_1_72' title='bbox 1399 1831 1662 1896; x_wconf 85' lang='lat' dir='ltr'>infrain</span> <span class='ocrx_word' id='word_1_73' title='bbox 1687 1851 1834 1896; x_wconf 86' lang='lat' dir='ltr'>mo-</span> 
     </span>
     <span class='ocr_line' id='line_1_14' title="bbox 307 1915 1000 1990; baseline 0.006 -3"><span class='ocrx_word' id='word_1_74' title='bbox 307 1918 468 1987; x_wconf 80' lang='lat' dir='ltr'>neta</span> <span class='ocrx_word' id='word_1_75' title='bbox 514 1915 1000 1990; x_wconf 60' lang='lat' dir='ltr'>filii‘monebo.</span> 
     </span>
     <span class='ocr_line' id='line_1_15' title="bbox 409 2023 1099 2053; baseline 0 0"><span class='ocrx_word' id='word_1_76' title='bbox 409 2031 424 2042; x_wconf 53' lang='grc'><strong>“</strong></span> <span class='ocrx_word' id='word_1_77' title='bbox 1070 2023 1099 2053; x_wconf 54' lang='grc' dir='ltr'><strong><em>ἢ</em></strong></span> 
     </span>
     <span class='ocr_line' id='line_1_16' title="bbox 887 2076 1276 2110; baseline 0.01 -4"><span class='ocrx_word' id='word_1_78' title='bbox 887 2076 917 2106; x_wconf 60' lang='lat'>*¹</span> <span class='ocrx_word' id='word_1_79' title='bbox 1246 2077 1276 2110; x_wconf 55' lang='grc' dir='ltr'><em>ἢ</em></span> 
     </span>
     <span class='ocr_line' id='line_1_17' title="bbox 309 2108 1834 2205; baseline -0.002 -20"><span class='ocrx_word' id='word_1_80' title='bbox 309 2119 412 2185; x_wconf 74' lang='lat' dir='ltr'>De</span> <span class='ocrx_word' id='word_1_81' title='bbox 444 2108 625 2182; x_wconf 67' lang='lat' dir='ltr'>mis</span> <span class='ocrx_word' id='word_1_82' title='bbox 667 2127 725 2181; x_wconf 74' lang='lat' dir='ltr'>&#39;et</span> <span class='ocrx_word' id='word_1_83' title='bbox 774 2119 923 2183; x_wconf 75' lang='lat' dir='ltr'>trib.</span> <span class='ocrx_word' id='word_1_84' title='bbox 978 2122 1268 2205; x_wconf 69' lang='lat' dir='ltr'>potgstate</span> <span class='ocrx_word' id='word_1_85' title='bbox 1319 2122 1696 2201; x_wconf 77' lang='lat' dir='ltr'>Maximini,</span> <span class='ocrx_word' id='word_1_86' title='bbox 1759 2129 1834 2183; x_wconf 72' lang='lat' dir='ltr'>nt</span> 
     </span>
     <span class='ocr_line' id='line_1_18' title="bbox 305 2213 1831 2298; baseline -0.005 -16"><span class='ocrx_word' id='word_1_87' title='bbox 305 2224 367 2282; x_wconf 70' lang='grc' dir='ltr'>οι</span> <span class='ocrx_word' id='word_1_88' title='bbox 396 2213 467 2278; x_wconf 81' lang='lat' dir='ltr'>de</span> <span class='ocrx_word' id='word_1_89' title='bbox 503 2216 786 2280; x_wconf 76' lang='lat' dir='ltr'>terminis</span> <span class='ocrx_word' id='word_1_90' title='bbox 830 2218 1076 2298; x_wconf 74' lang='lat' dir='ltr'>imperii</span> <span class='ocrx_word' id='word_1_91' title='bbox 1111 2217 1619 2294; x_wconf 71' lang='lat' dir='ltr'><strong><em>Gordianorum,</em></strong></span> <span class='ocrx_word' id='word_1_92' title='bbox 1672 2213 1831 2281; x_wconf 84' lang='lat' dir='ltr'>Bat-</span> 
     </span>
     <span class='ocr_line' id='line_1_19' title="bbox 769 2310 1374 2396; baseline 0.005 -21"><span class='ocrx_word' id='word_1_93' title='bbox 769 2310 934 2388; x_wconf 82' lang='lat' dir='ltr'>bim&#39;,</span> <span class='ocrx_word' id='word_1_94' title='bbox 986 2322 1045 2375; x_wconf 70' lang='lat' dir='ltr'>et</span> <span class='ocrx_word' id='word_1_95' title='bbox 1091 2313 1374 2396; x_wconf 74' lang='lat' dir='ltr'>Pupieni.</span> 
     </span>
    </p>
   </div>
   <div class='ocr_carea' id='block_1_3' title="bbox 302 2501 1830 2875">
    <p class='ocr_par' dir='ltr' id='par_1_3' title="bbox 302 2501 1830 2875">
     <span class='ocr_line' id='line_1_20' title="bbox 404 2501 1828 2588; baseline -0.001 -24"><span class='ocrx_word' id='word_1_96' title='bbox 404 2502 760 2585; x_wconf 78' lang='lat' dir='ltr'>Nusquam</span> <span class='ocrx_word' id='word_1_97' title='bbox 795 2502 969 2565; x_wconf 83' lang='lat' dir='ltr'>alias</span> <span class='ocrx_word' id='word_1_98' title='bbox 1027 2502 1160 2565; x_wconf 87' lang='lat' dir='ltr'>hac</span> <span class='ocrx_word' id='word_1_99' title='bbox 1206 2515 1399 2588; x_wconf 87' lang='lat' dir='ltr'>parte</span> <span class='ocrx_word' id='word_1_100' title='bbox 1459 2501 1828 2588; x_wconf 81' lang='lat' dir='ltr'>implexior</span> 
     </span>
     <span class='ocr_line' id='line_1_21' title="bbox 304 2598 1825 2681; baseline -0.001 -19"><span class='ocrx_word' id='word_1_101' title='bbox 304 2598 584 2662; x_wconf 81' lang='lat' dir='ltr'>historia</span> <span class='ocrx_word' id='word_1_102' title='bbox 613 2600 951 2673; x_wconf 83' lang='lat' dir='ltr'>Romana,</span> <span class='ocrx_word' id='word_1_103' title='bbox 986 2600 1162 2662; x_wconf 87' lang='lat' dir='ltr'>adeo</span> <span class='ocrx_word' id='word_1_104' title='bbox 1222 2598 1640 2662; x_wconf 79' lang='lat' dir='ltr'>discordibus</span> <span class='ocrx_word' id='word_1_105' title='bbox 1674 2598 1825 2681; x_wconf 86' lang='lat' dir='ltr'>ipsis</span> 
     </span>
     <span class='ocr_line' id='line_1_22' title="bbox 302 2693 1827 2772; baseline 0.001 -16"><span class='ocrx_word' id='word_1_106' title='bbox 302 2693 686 2772; x_wconf 80' lang='lat' dir='ltr'>veteribus,</span> <span class='ocrx_word' id='word_1_107' title='bbox 761 2706 834 2755; x_wconf 91' lang='lat' dir='ltr'>ut</span> <span class='ocrx_word' id='word_1_108' title='bbox 903 2694 1184 2757; x_wconf 88' lang='lat' dir='ltr'>dubium</span> <span class='ocrx_word' id='word_1_109' title='bbox 1245 2695 1559 2757; x_wconf 82' lang='lat' dir='ltr'>videatur</span> <span class='ocrx_word' id='word_1_110' title='bbox 1585 2711 1632 2771; x_wconf 82' lang='lat'>’,-</span> <span class='ocrx_word' id='word_1_111' title='bbox 1667 2695 1827 2757; x_wconf 86' lang='lat' dir='ltr'>fitne</span> 
     </span>
     <span class='ocr_line' id='line_1_23' title="bbox 303 2790 1830 2875; baseline 0.002 -22"><span class='ocrx_word' id='word_1_112' title='bbox 303 2791 522 2875; x_wconf 84' lang='lat' dir='ltr'>magis</span> <span class='ocrx_word' id='word_1_113' title='bbox 559 2791 872 2853; x_wconf 87' lang='lat' dir='ltr'>miranda</span> <span class='ocrx_word' id='word_1_114' title='bbox 908 2809 1141 2852; x_wconf 89' lang='lat' dir='ltr'>eorum</span> <span class='ocrx_word' id='word_1_115' title='bbox 1197 2790 1621 2875; x_wconf 80' lang='lat' dir='ltr'>ignorantia,</span> <span class='ocrx_word' id='word_1_116' title='bbox 1676 2812 1830 2856; x_wconf 88' lang='lat' dir='ltr'>cum</span> 
     </span>
    </p>
   </div>
   <div class='ocr_carea' id='block_1_4' title="bbox 303 2884 1845 2986">
    <p class='ocr_par' dir='ltr' id='par_1_4' title="bbox 303 2884 1845 2986">
     <span class='ocr_line' id='line_1_24' title="bbox 303 2884 1845 2986; baseline -0.001 -34"><span class='ocrx_word' id='word_1_117' title='bbox 303 2884 650 2952; x_wconf 79' lang='lat' dir='ltr'>historiam</span> <span class='ocrx_word' id='word_1_118' title='bbox 682 2885 1093 2948; x_wconf 86' lang='lat' dir='ltr'>summorum</span> <span class='ocrx_word' id='word_1_119' title='bbox 1150 2885 1335 2949; x_wconf 84' lang='lat' dir='ltr'>orbis</span> <span class='ocrx_word' id='word_1_120' title='bbox 1397 2889 1776 2973; x_wconf 85' lang='lat' dir='ltr'><strong>principum</strong></span> <span class='ocrx_word' id='word_1_121' title='bbox 1804 2935 1845 2986; x_wconf 44' lang='lat'>,·</span> 
     </span>
    </p>
   </div>
   <div class='ocr_carea' id='block_1_5' title="bbox 299 2975 1824 3342">
    <p class='ocr_par' dir='ltr' id='par_1_5' title="bbox 299 2975 1824 3342">
     <span class='ocr_line' id='line_1_25' title="bbox 304 2975 1824 3067; baseline 0.002 -23"><span class='ocrx_word' id='word_1_122' title='bbox 304 3001 597 3066; x_wconf 88' lang='lat' dir='ltr'>quorum</span> <span class='ocrx_word' id='word_1_123' title='bbox 639 3001 888 3044; x_wconf 86' lang='lat' dir='ltr'>aevum</span> <span class='ocrx_word' id='word_1_124' title='bbox 935 3002 1070 3045; x_wconf 89' lang='lat' dir='ltr'>non</span> <span class='ocrx_word' id='word_1_125' title='bbox 1135 3001 1548 3067; x_wconf 80' lang='lat' dir='ltr'><strong>magnopere</strong></span> <span class='ocrx_word' id='word_1_126' title='bbox 1615 3003 1659 3045; x_wconf 85' lang='lat' dir='ltr'>a</span> <span class='ocrx_word' id='word_1_127' title='bbox 1710 2975 1824 3048; x_wconf 87' lang='lat' dir='ltr'>suo</span> 
     </span>
     <span class='ocr_line' id='line_1_26' title="bbox 299 3076 1823 3159; baseline 0.001 -17"><span class='ocrx_word' id='word_1_128' title='bbox 299 3076 620 3154; x_wconf 86' lang='lat' dir='ltr'>distabat,</span> <span class='ocrx_word' id='word_1_129' title='bbox 672 3077 955 3140; x_wconf 88' lang='lat' dir='ltr'>scribere</span> <span class='ocrx_word' id='word_1_130' title='bbox 989 3078 1495 3159; x_wconf 80' lang='lat' dir='ltr'><strong>meditarentur,</strong></span> <span class='ocrx_word' id='word_1_131' title='bbox 1548 3099 1633 3142; x_wconf 86' lang='lat' dir='ltr'>an</span> <span class='ocrx_word' id='word_1_132' title='bbox 1665 3081 1823 3144; x_wconf 88' lang='lat' dir='ltr'>osci·</span> 
     </span>
     <span class='ocr_line' id='line_1_27' title="bbox 299 3171 1822 3255; baseline 0.001 -19"><span class='ocrx_word' id='word_1_133' title='bbox 299 3171 553 3252; x_wconf 72' lang='lat' dir='ltr'>tantia,</span> <span class='ocrx_word' id='word_1_134' title='bbox 588 3192 738 3236; x_wconf 90' lang='lat' dir='ltr'>cum</span> <span class='ocrx_word' id='word_1_135' title='bbox 791 3174 1028 3236; x_wconf 86' lang='lat' dir='ltr'>omiss&#39;a</span> <span class='ocrx_word' id='word_1_136' title='bbox 1081 3172 1221 3236; x_wconf 85' lang='lat' dir='ltr'>crisi</span> <span class='ocrx_word' id='word_1_137' title='bbox 1275 3186 1527 3236; x_wconf 89' lang='lat' dir='ltr'>temere</span> <span class='ocrx_word' id='word_1_138' title='bbox 1566 3179 1822 3255; x_wconf 88' lang='lat' dir='ltr'>omnia,</span> 
     </span>
     <span class='ocr_line' id='line_1_28' title="bbox 302 3265 1820 3342; baseline 0.003 -11"><span class='ocrx_word' id='word_1_139' title='bbox 302 3287 394 3331; x_wconf 85' lang='lat' dir='ltr'>ac</span> <span class='ocrx_word' id='word_1_140' title='bbox 432 3265 715 3330; x_wconf 83' lang='lat' dir='ltr'>fortuito</span> <span class='ocrx_word' id='word_1_141' title='bbox 761 3269 1100 3333; x_wconf 80' lang='lat' dir='ltr'>mandasse</span> <span class='ocrx_word' id='word_1_142' title='bbox 1149 3269 1382 3342; x_wconf 69' lang='lat' dir='ltr'>literis,</span> <span class='ocrx_word' id='word_1_143' title='bbox 1409 3270 1820 3336; x_wconf 85' lang='lat' dir='ltr'>viderentur.</span> 
     </span>
    </p>
   </div>
   <div class='ocr_carea' id='block_1_6' title="bbox 173 3363 1825 3451">
    <p class='ocr_par' dir='ltr' id='par_1_6' title="bbox 173 3363 1825 3451">
     <span class='ocr_line' id='line_1_29' title="bbox 173 3363 1825 3451; baseline 0.001 -24"><span class='ocrx_word' id='word_1_144' title='bbox 173 3379 184 3384; x_wconf 72' lang='grc'>”</span> <span class='ocrx_word' id='word_1_145' title='bbox 298 3365 412 3427; x_wconf 80' lang='lat' dir='ltr'>Ex</span> <span class='ocrx_word' id='word_1_146' title='bbox 459 3363 702 3424; x_wconf 88' lang='lat' dir='ltr'>horum</span> <span class='ocrx_word' id='word_1_147' title='bbox 743 3368 1124 3448; x_wconf 84' lang='lat' dir='ltr'>praeconiis</span> <span class='ocrx_word' id='word_1_148' title='bbox 1182 3367 1550 3451; x_wconf 81' lang='lat' dir='ltr'>imperavit</span> <span class='ocrx_word' id='word_1_149' title='bbox 1598 3368 1825 3429; x_wconf 84' lang='lat' dir='ltr'>Maxi-</span> 
     </span>
    </p>
   </div>
   <div class='ocr_carea' id='block_1_7' title="bbox 276 3460 1822 4488">
    <p class='ocr_par' dir='ltr' id='par_1_7' title="bbox 276 3460 1822 4488">
     <span class='ocr_line' id='line_1_30' title="bbox 300 3460 1821 3547; baseline 0.001 -22"><span class='ocrx_word' id='word_1_150' title='bbox 300 3461 530 3525; x_wconf 85' lang='lat' dir='ltr'>minus</span> <span class='ocrx_word' id='word_1_151' title='bbox 577 3460 767 3522; x_wconf 86' lang='lat' dir='ltr'>annis</span> <span class='ocrx_word' id='word_1_152' title='bbox 827 3462 914 3528; x_wconf 84' lang='lat'>11.</span> <span class='ocrx_word' id='word_1_153' title='bbox 961 3461 1075 3524; x_wconf 86' lang='lat' dir='ltr'>vel</span> <span class='ocrx_word' id='word_1_154' title='bbox 1141 3461 1260 3523; x_wconf 88' lang='lat'>111.</span> <span class='ocrx_word' id='word_1_155' title='bbox 1326 3461 1438 3523; x_wconf 80' lang='lat' dir='ltr'>vel</span> <span class='ocrx_word' id='word_1_156' title='bbox 1503 3460 1655 3547; x_wconf 84' lang='lat' dir='ltr'>ipsis</span> <span class='ocrx_word' id='word_1_157' title='bbox 1707 3463 1821 3527; x_wconf 89' lang='lat' dir='ltr'>Vl.</span> 
     </span>
     <span class='ocr_line' id='line_1_31' title="bbox 299 3554 1822 3642; baseline 0.003 -24"><span class='ocrx_word' id='word_1_158' title='bbox 299 3557 747 3642; x_wconf 83' lang='lat' dir='ltr'>Imperavere</span> <span class='ocrx_word' id='word_1_159' title='bbox 798 3554 1129 3620; x_wconf 86' lang='lat' dir='ltr'>Gordiani</span> <span class='ocrx_word' id='word_1_160' title='bbox 1175 3556 1322 3620; x_wconf 80' lang='lat' dir='ltr'>Afri</span> <span class='ocrx_word' id='word_1_161' title='bbox 1352 3561 1492 3639; x_wconf 86' lang='lat' dir='ltr'>jam</span> <span class='ocrx_word' id='word_1_162' title='bbox 1545 3555 1687 3619; x_wconf 87' lang='lat' dir='ltr'>dies</span> <span class='ocrx_word' id='word_1_163' title='bbox 1746 3557 1822 3623; x_wconf 91' lang='lat' dir='ltr'>C.</span> 
     </span>
     <span class='ocr_line' id='line_1_32' title="bbox 294 3652 1821 3735; baseline 0.001 -20"><span class='ocrx_word' id='word_1_164' title='bbox 294 3655 436 3735; x_wconf 84' lang='lat' dir='ltr'>jam</span> <span class='ocrx_word' id='word_1_165' title='bbox 482 3671 730 3715; x_wconf 87' lang='lat' dir='ltr'>annum</span> <span class='ocrx_word' id='word_1_166' title='bbox 771 3652 825 3716; x_wconf 87' lang='grc' dir='ltr'>Ι.</span> <span class='ocrx_word' id='word_1_167' title='bbox 881 3653 1133 3715; x_wconf 87' lang='lat' dir='ltr'>menses</span> <span class='ocrx_word' id='word_1_168' title='bbox 1187 3653 1348 3728; x_wconf 83' lang='lat' dir='ltr'>VL,</span> <span class='ocrx_word' id='word_1_169' title='bbox 1413 3657 1552 3734; x_wconf 83' lang='lat' dir='ltr'>jam</span> <span class='ocrx_word' id='word_1_170' title='bbox 1609 3674 1821 3716; x_wconf 86' lang='lat' dir='ltr'>annos</span> 
     </span>
     <span class='ocr_line' id='line_1_33' title="bbox 299 3748 1820 3834; baseline 0.002 -25"><span class='ocrx_word' id='word_1_171' title='bbox 299 3751 478 3810; x_wconf 83' lang='lat' dir='ltr'>adeo</span> <span class='ocrx_word' id='word_1_172' title='bbox 519 3750 635 3811; x_wconf 91' lang='lat' dir='ltr'>VI.</span> <span class='ocrx_word' id='word_1_173' title='bbox 687 3751 788 3810; x_wconf 84' lang='lat' dir='ltr'>At·</span> <span class='ocrx_word' id='word_1_174' title='bbox 814 3748 1140 3811; x_wconf 86' lang='lat' dir='ltr'>Balbinus</span> <span class='ocrx_word' id='word_1_175' title='bbox 1185 3761 1251 3811; x_wconf 87' lang='lat' dir='ltr'>et</span> <span class='ocrx_word' id='word_1_176' title='bbox 1294 3751 1629 3834; x_wconf 84' lang='lat' dir='ltr'>Pupienus</span> <span class='ocrx_word' id='word_1_177' title='bbox 1678 3753 1820 3831; x_wconf 84' lang='lat' dir='ltr'>jam</span> 
     </span>
     <span class='ocr_line' id='line_1_34' title="bbox 303 3844 1817 3926; baseline 0.001 -21"><span class='ocrx_word' id='word_1_178' title='bbox 303 3844 449 3905; x_wconf 83' lang='lat' dir='ltr'>dies</span> <span class='ocrx_word' id='word_1_179' title='bbox 500 3844 748 3921; x_wconf 64' lang='lat' dir='ltr'>xxn„</span> <span class='ocrx_word' id='word_1_180' title='bbox 796 3847 937 3926; x_wconf 86' lang='lat' dir='ltr'>jam</span> <span class='ocrx_word' id='word_1_181' title='bbox 996 3846 1248 3907; x_wconf 88' lang='lat' dir='ltr'>menses</span> <span class='ocrx_word' id='word_1_182' title='bbox 1287 3846 1448 3923; x_wconf 66' lang='lat'>111„</span> <span class='ocrx_word' id='word_1_183' title='bbox 1509 3850 1649 3926; x_wconf 88' lang='lat' dir='ltr'>jam</span> <span class='ocrx_word' id='word_1_184' title='bbox 1706 3866 1817 3908; x_wconf 83' lang='lat' dir='ltr'>an·</span> 
     </span>
     <span class='ocr_line' id='line_1_35' title="bbox 299 3941 1816 4024; baseline 0.001 -23"><span class='ocrx_word' id='word_1_185' title='bbox 299 3958 464 4001; x_wconf 86' lang='lat' dir='ltr'>num</span> <span class='ocrx_word' id='word_1_186' title='bbox 554 3941 604 4002; x_wconf 92' lang='lat' dir='ltr'>I.</span> <span class='ocrx_word' id='word_1_187' title='bbox 712 3944 856 4022; x_wconf 88' lang='lat' dir='ltr'>jam</span> <span class='ocrx_word' id='word_1_188' title='bbox 961 3943 1049 4006; x_wconf 88' lang='lat'>11.</span> <span class='ocrx_word' id='word_1_189' title='bbox 1152 3941 1485 4024; x_wconf 85' lang='lat' dir='ltr'>Reliquae</span> <span class='ocrx_word' id='word_1_190' title='bbox 1587 3954 1816 4019; x_wconf 88' lang='lat' dir='ltr'>notae,</span> 
     </span>
     <span class='ocr_line' id='line_1_36' title="bbox 296 4036 1817 4117; baseline 0.003 -22"><span class='ocrx_word' id='word_1_191' title='bbox 296 4053 470 4117; x_wconf 86' lang='lat' dir='ltr'>quas</span> <span class='ocrx_word' id='word_1_192' title='bbox 516 4036 866 4115; x_wconf 78' lang='lat' dir='ltr'>adferunt,</span> <span class='ocrx_word' id='word_1_193' title='bbox 921 4050 1040 4100; x_wconf 86' lang='lat' dir='ltr'>aut</span> <span class='ocrx_word' id='word_1_194' title='bbox 1073 4045 1218 4101; x_wconf 86' lang='lat' dir='ltr'>non&#39;</span> <span class='ocrx_word' id='word_1_195' title='bbox 1250 4038 1618 4101; x_wconf 82' lang='lat' dir='ltr'>cohaerent</span> <span class='ocrx_word' id='word_1_196' title='bbox 1665 4058 1817 4101; x_wconf 89' lang='lat' dir='ltr'>cum</span> 
     </span>
     <span class='ocr_line' id='line_1_37' title="bbox 289 4130 1816 4218; baseline 0.002 -25"><span class='ocrx_word' id='word_1_197' title='bbox 289 4130 583 4194; x_wconf 82' lang='lat' dir='ltr'>aliorum</span> <span class='ocrx_word' id='word_1_198' title='bbox 651 4135 890 4209; x_wconf 88' lang='lat' dir='ltr'>dictis,</span> <span class='ocrx_word' id='word_1_199' title='bbox 943 4146 1063 4196; x_wconf 86' lang='lat' dir='ltr'>aut</span> <span class='ocrx_word' id='word_1_200' title='bbox 1118 4148 1357 4218; x_wconf 84' lang='lat' dir='ltr'>aperte</span> <span class='ocrx_word' id='word_1_201' title='bbox 1425 4136 1568 4197; x_wconf 89' lang='lat' dir='ltr'>sunt</span> <span class='ocrx_word' id='word_1_202' title='bbox 1637 4155 1816 4197; x_wconf 91' lang='lat' dir='ltr'>men-</span> 
     </span>
     <span class='ocr_line' id='line_1_38' title="bbox 281 4228 1816 4294; baseline 0.001 -3"><span class='ocrx_word' id='word_1_203' title='bbox 281 4230 520 4292; x_wconf 81' lang='lat' dir='ltr'>daces,</span> <span class='ocrx_word' id='word_1_204' title='bbox 575 4228 758 4292; x_wconf 86' lang='lat' dir='ltr'>Nolo</span> <span class='ocrx_word' id='word_1_205' title='bbox 784 4229 1136 4292; x_wconf 81' lang='lat' dir='ltr'>brevitatis</span> <span class='ocrx_word' id='word_1_206' title='bbox 1174 4232 1372 4294; x_wconf 84' lang='lat' dir='ltr'>causa</span> <span class='ocrx_word' id='word_1_207' title='bbox 1402 4247 1816 4294; x_wconf 85' lang='lat' dir='ltr'>commemo·-</span> 
     </span>
     <span class='ocr_line' id='line_1_39' title="bbox 283 4324 1819 4411; baseline 0.002 -25"><span class='ocrx_word' id='word_1_208' title='bbox 283 4343 444 4386; x_wconf 84' lang='lat' dir='ltr'>rare</span> <span class='ocrx_word' id='word_1_209' title='bbox 481 4324 728 4409; x_wconf 84' lang='lat' dir='ltr'>singula</span> <span class='ocrx_word' id='word_1_210' title='bbox 753 4374 772 4400; x_wconf 88' lang='lat'>,</span> <span class='ocrx_word' id='word_1_211' title='bbox 828 4326 1014 4408; x_wconf 88' lang='lat' dir='ltr'>quod</span> <span class='ocrx_word' id='word_1_212' title='bbox 1050 4346 1135 4389; x_wconf 89' lang='lat' dir='ltr'>ea</span> <span class='ocrx_word' id='word_1_213' title='bbox 1169 4327 1507 4411; x_wconf 83' lang='lat' dir='ltr'>explicate</span> <span class='ocrx_word' id='word_1_214' title='bbox 1525 4330 1664 4408; x_wconf 83' lang='lat' dir='ltr'>jam</span> <span class='ocrx_word' id='word_1_215' title='bbox 1695 4328 1819 4389; x_wconf 83' lang='lat' dir='ltr'>ha·</span> 
     </span>
     <span class='ocr_line' id='line_1_40' title="bbox 276 4419 1815 4488; baseline 0.002 -5"><span class='ocrx_word' id='word_1_216' title='bbox 276 4419 527 4483; x_wconf 86' lang='lat' dir='ltr'>bentur</span> <span class='ocrx_word' id='word_1_217' title='bbox 588 4421 656 4484; x_wconf 90' lang='lat' dir='ltr'>in</span> <span class='ocrx_word' id='word_1_218' title='bbox 722 4422 1145 4487; x_wconf 88' lang='lat' dir='ltr'>Tillemontii</span> <span class='ocrx_word' id='word_1_219' title='bbox 1205 4425 1292 4486; x_wconf 85' lang='lat' dir='ltr'>ad</span> <span class='ocrx_word' id='word_1_220' title='bbox 1367 4425 1815 4488; x_wconf 84' lang='lat' dir='ltr'>Maximinum</span> 
     </span>
    </p>
   </div>
   <div class='ocr_carea' id='block_1_8' title="bbox 3320 595 3459 669">
    <p class='ocr_par' dir='ltr' id='par_1_8' title="bbox 3320 595 3459 669">
     <span class='ocr_line' id='line_1_41' title="bbox 3320 595 3459 669; baseline 0.029 -4"><span class='ocrx_word' id='word_1_221' title='bbox 3320 595 3459 669; x_wconf 64' lang='lat'>253</span> 
     </span>
    </p>
   </div>
   <div class='ocr_carea' id='block_1_9' title="bbox 1907 767 3537 2777">
    <p class='ocr_par' dir='ltr' id='par_1_9' title="bbox 1907 767 3537 2777">
     <span class='ocr_line' id='line_1_42' title="bbox 1913 767 3453 856; baseline 0.001 -20"><span class='ocrx_word' id='word_1_222' title='bbox 1913 771 2139 855; x_wconf 84' lang='lat' dir='ltr'>notis,</span> <span class='ocrx_word' id='word_1_223' title='bbox 2188 782 2332 835; x_wconf 89' lang='lat' dir='ltr'>tum</span> <span class='ocrx_word' id='word_1_224' title='bbox 2387 770 2574 856; x_wconf 86' lang='lat' dir='ltr'>apud</span> <span class='ocrx_word' id='word_1_225' title='bbox 2630 769 3130 836; x_wconf 84' lang='lat' dir='ltr'>Mazzolenum.</span> <span class='ocrx_word' id='word_1_226' title='bbox 3176 767 3237 851; x_wconf 79' lang='lat'>⁸)</span> <span class='ocrx_word' id='word_1_227' title='bbox 3317 773 3453 838; x_wconf 78' lang='lat' dir='ltr'>His.</span> 
     </span>
     <span class='ocr_line' id='line_1_43' title="bbox 1913 866 3441 933; baseline 0.001 -1"><span class='ocrx_word' id='word_1_228' title='bbox 1913 867 2450 933; x_wconf 82' lang='lat' dir='ltr'>testimoniorum</span> <span class='ocrx_word' id='word_1_229' title='bbox 2520 866 2823 931; x_wconf 79' lang='lat' dir='ltr'>monstris</span> <span class='ocrx_word' id='word_1_230' title='bbox 2877 888 3029 933; x_wconf 87' lang='lat' dir='ltr'>cum</span> <span class='ocrx_word' id='word_1_231' title='bbox 3087 869 3441 933; x_wconf 86' lang='lat' dir='ltr'>nitendum</span> 
     </span>
     <span class='ocr_line' id='line_1_44' title="bbox 1916 962 3447 1028; baseline 0 0"><span class='ocrx_word' id='word_1_232' title='bbox 1916 967 2072 1028; x_wconf 81' lang='lat' dir='ltr'>esset</span> <span class='ocrx_word' id='word_1_233' title='bbox 2108 964 2571 1028; x_wconf 81' lang='lat' dir='ltr'>eruditissimis</span> <span class='ocrx_word' id='word_1_234' title='bbox 2618 966 2864 1027; x_wconf 82' lang='lat' dir='ltr'>aetatis</span> <span class='ocrx_word' id='word_1_235' title='bbox 2918 962 3179 1028; x_wconf 84' lang='lat' dir='ltr'>nostrae</span> <span class='ocrx_word' id='word_1_236' title='bbox 3245 964 3447 1028; x_wconf 86' lang='lat' dir='ltr'>chro-.</span> 
     </span>
     <span class='ocr_line' id='line_1_45' title="bbox 1915 1058 3439 1146; baseline 0 -22"><span class='ocrx_word' id='word_1_237' title='bbox 1915 1063 2220 1146; x_wconf 87' lang='lat' dir='ltr'>nologis,</span> <span class='ocrx_word' id='word_1_238' title='bbox 2286 1058 2452 1124; x_wconf 85' lang='lat' dir='ltr'>istud</span> <span class='ocrx_word' id='word_1_239' title='bbox 2519 1061 2809 1141; x_wconf 86' lang='lat' dir='ltr'>denique</span> <span class='ocrx_word' id='word_1_240' title='bbox 2887 1060 3273 1136; x_wconf 75' lang='lat' dir='ltr'>obtinuere,</span> <span class='ocrx_word' id='word_1_241' title='bbox 3368 1075 3439 1124; x_wconf 90' lang='lat' dir='ltr'>ut</span> 
     </span>
     <span class='ocr_line' id='line_1_46' title="bbox 1915 1156 3439 1242; baseline 0 -22"><span class='ocrx_word' id='word_1_242' title='bbox 1915 1171 2174 1242; x_wconf 88' lang='lat' dir='ltr'>quanto</span> <span class='ocrx_word' id='word_1_243' title='bbox 2199 1156 2346 1241; x_wconf 83' lang='lat' dir='ltr'>plus</span> <span class='ocrx_word' id='word_1_244' title='bbox 2367 1158 2766 1241; x_wconf 86' lang='lat' dir='ltr'>indagarent</span> <span class='ocrx_word' id='word_1_245' title='bbox 2786 1201 2804 1231; x_wconf 88' lang='lat'>,</span> <span class='ocrx_word' id='word_1_246' title='bbox 2858 1168 3051 1220; x_wconf 84' lang='lat' dir='ltr'>tanto</span> <span class='ocrx_word' id='word_1_247' title='bbox 3080 1158 3224 1239; x_wconf 87' lang='lat' dir='ltr'>plus</span> <span class='ocrx_word' id='word_1_248' title='bbox 3253 1159 3439 1240; x_wconf 87' lang='lat' dir='ltr'>igno-</span> 
     </span>
     <span class='ocr_line' id='line_1_47' title="bbox 1914 1253 3447 1336; baseline 0.001 -22"><span class='ocrx_word' id='word_1_249' title='bbox 1914 1266 2182 1329; x_wconf 85' lang='lat' dir='ltr'>rarent,</span> <span class='ocrx_word' id='word_1_250' title='bbox 2238 1265 2304 1315; x_wconf 83' lang='lat' dir='ltr'>et</span> <span class='ocrx_word' id='word_1_251' title='bbox 2345 1272 2816 1336; x_wconf 83' lang='lat' dir='ltr'>quamcunque</span> <span class='ocrx_word' id='word_1_252' title='bbox 2858 1255 3131 1321; x_wconf 76' lang='lat' dir='ltr'>demum</span> <span class='ocrx_word' id='word_1_253' title='bbox 3193 1253 3447 1320; x_wconf 66' lang='lat' dir='ltr'>sentem,</span> 
     </span>
     <span class='ocr_line' id='line_1_48' title="bbox 1915 1347 3447 1432; baseline 0.001 -21"><span class='ocrx_word' id='word_1_254' title='bbox 1915 1352 2084 1412; x_wconf 83' lang='lat' dir='ltr'>tiam</span> <span class='ocrx_word' id='word_1_255' title='bbox 2156 1350 2769 1432; x_wconf 82' lang='lat' dir='ltr'>amplecterentur,</span> <span class='ocrx_word' id='word_1_256' title='bbox 2857 1347 2971 1411; x_wconf 83' lang='lat' dir='ltr'>fibi</span> <span class='ocrx_word' id='word_1_257' title='bbox 3052 1347 3447 1413; x_wconf 69' lang='lat' dir='ltr'>diffiderent</span> 
     </span>
     <span class='ocr_line' id='line_1_49' title="bbox 1916 1443 3459 1530; baseline -0.001 -23"><span class='ocrx_word' id='word_1_258' title='bbox 1916 1446 2057 1530; x_wconf 84' lang='lat' dir='ltr'>ipsi.</span> <span class='ocrx_word' id='word_1_259' title='bbox 2135 1445 2363 1527; x_wconf 83' lang='lat' dir='ltr'>Quare</span> <span class='ocrx_word' id='word_1_260' title='bbox 2416 1444 2618 1508; x_wconf 86' lang='lat' dir='ltr'>satius</span> <span class='ocrx_word' id='word_1_261' title='bbox 2683 1443 2832 1507; x_wconf 86' lang='lat' dir='ltr'>fore</span> <span class='ocrx_word' id='word_1_262' title='bbox 2902 1443 3254 1521; x_wconf 78' lang='lat' dir='ltr'>existium,</span> <span class='ocrx_word' id='word_1_263' title='bbox 3347 1445 3459 1523; x_wconf 63' lang='lat' dir='ltr'>fi„</span> 
     </span>
     <span class='ocr_line' id='line_1_50' title="bbox 1920 1539 3537 1630; baseline 0 -26"><span class='ocrx_word' id='word_1_264' title='bbox 1920 1557 2374 1626; x_wconf 86' lang='lat' dir='ltr'>quaecunque·</span> <span class='ocrx_word' id='word_1_265' title='bbox 2403 1540 2492 1604; x_wconf 88' lang='lat' dir='ltr'>ab</span> <span class='ocrx_word' id='word_1_266' title='bbox 2530 1541 2635 1603; x_wconf 87' lang='lat' dir='ltr'>his</span> <span class='ocrx_word' id='word_1_267' title='bbox 2673 1539 2986 1625; x_wconf 86' lang='lat' dir='ltr'>angustae</span> <span class='ocrx_word' id='word_1_268' title='bbox 3032 1541 3275 1603; x_wconf 86' lang='lat' dir='ltr'>mentis</span> <span class='ocrx_word' id='word_1_269' title='bbox 3314 1540 3436 1604; x_wconf 84' lang='lat' dir='ltr'>ho·</span> <span class='ocrx_word' id='word_1_270' title='bbox 3530 1621 3537 1630; x_wconf 33' lang='grc' dir='ltr'>Ι</span> 
     </span>
     <span class='ocr_line' id='line_1_51' title="bbox 1917 1636 3441 1722; baseline -0.001 -21"><span class='ocrx_word' id='word_1_271' title='bbox 1917 1637 2253 1716; x_wconf 80' lang='lat' dir='ltr'>minibus,</span> <span class='ocrx_word' id='word_1_272' title='bbox 2308 1657 2480 1722; x_wconf 87' lang='lat' dir='ltr'>quos</span> <span class='ocrx_word' id='word_1_273' title='bbox 2530 1638 2703 1699; x_wconf 85' lang='lat' dir='ltr'>inter</span> <span class='ocrx_word' id='word_1_274' title='bbox 2742 1636 3169 1722; x_wconf 86' lang='lat' dir='ltr'>Capitolinus</span> <span class='ocrx_word' id='word_1_275' title='bbox 3214 1639 3441 1700; x_wconf 86' lang='lat' dir='ltr'>omni-</span> 
     </span>
     <span class='ocr_line' id='line_1_52' title="bbox 1915 1732 3439 1819; baseline -0.001 -22"><span class='ocrx_word' id='word_1_276' title='bbox 1915 1755 2031 1797; x_wconf 85' lang='lat' dir='ltr'>um</span> <span class='ocrx_word' id='word_1_277' title='bbox 2080 1732 2260 1798; x_wconf 84' lang='lat' dir='ltr'>forte</span> <span class='ocrx_word' id='word_1_278' title='bbox 2316 1735 2571 1819; x_wconf 87' lang='lat' dir='ltr'>primus</span> <span class='ocrx_word' id='word_1_279' title='bbox 2618 1732 2983 1809; x_wconf 81' lang='lat' dir='ltr'>locandus,</span> <span class='ocrx_word' id='word_1_280' title='bbox 3059 1733 3439 1819; x_wconf 82' lang='lat' dir='ltr'>conscripta</span> 
     </span>
     <span class='ocr_line' id='line_1_53' title="bbox 1915 1829 3438 1913; baseline 0.001 -22"><span class='ocrx_word' id='word_1_281' title='bbox 1915 1831 2095 1912; x_wconf 88' lang='lat' dir='ltr'>sunt,</span> <span class='ocrx_word' id='word_1_282' title='bbox 2150 1829 2659 1913; x_wconf 84' lang='lat' dir='ltr'>aspernabimur</span> <span class='ocrx_word' id='word_1_283' title='bbox 2678 1875 2709 1906; x_wconf 86' lang='lat'>,-</span> <span class='ocrx_word' id='word_1_284' title='bbox 2751 1843 2819 1893; x_wconf 84' lang='lat' dir='ltr'>et</span> <span class='ocrx_word' id='word_1_285' title='bbox 2848 1851 2934 1891; x_wconf 82' lang='lat' dir='ltr'>ex</span> <span class='ocrx_word' id='word_1_286' title='bbox 2962 1849 3318 1892; x_wconf 79' lang='lat' dir='ltr'>numerum</span> <span class='ocrx_word' id='word_1_287' title='bbox 3365 1829 3438 1892; x_wconf 83' lang='lat' dir='ltr'>fi-</span> 
     </span>
     <span class='ocr_line' id='line_1_54' title="bbox 1918 1923 3439 2009; baseline -0.001 -19"><span class='ocrx_word' id='word_1_288' title='bbox 1918 1930 2046 2003; x_wconf 91' lang='lat' dir='ltr'>de,</span> <span class='ocrx_word' id='word_1_289' title='bbox 2138 1925 2381 2009; x_wconf 84' lang='lat' dir='ltr'>quibus</span> <span class='ocrx_word' id='word_1_290' title='bbox 2450 1923 2644 1988; x_wconf 79' lang='lat' dir='ltr'>testes</span> <span class='ocrx_word' id='word_1_291' title='bbox 2707 1926 3235 2008; x_wconf 76' lang='lat' dir='ltr'>incorruptior-es</span> <span class='ocrx_word' id='word_1_292' title='bbox 3300 1945 3439 1989; x_wconf 89' lang='lat' dir='ltr'>non</span> 
     </span>
     <span class='ocr_line' id='line_1_55' title="bbox 1911 2020 3440 2106; baseline 0.001 -23"><span class='ocrx_word' id='word_1_293' title='bbox 1911 2021 2289 2097; x_wconf 88' lang='lat' dir='ltr'>habemus,</span> <span class='ocrx_word' id='word_1_294' title='bbox 2357 2022 2552 2102; x_wconf 81' lang='lat' dir='ltr'>hujus</span> <span class='ocrx_word' id='word_1_295' title='bbox 2627 2023 2872 2084; x_wconf 87' lang='lat' dir='ltr'>aetatis</span> <span class='ocrx_word' id='word_1_296' title='bbox 2919 2020 3440 2106; x_wconf 84' lang='lat' dir='ltr'>chronologiam</span> 
     </span>
     <span class='ocr_line' id='line_1_56' title="bbox 1915 2116 3469 2201; baseline 0.001 -23"><span class='ocrx_word' id='word_1_297' title='bbox 1915 2118 2289 2180; x_wconf 78' lang='lat' dir='ltr'>metiemur.</span> <span class='ocrx_word' id='word_1_298' title='bbox 2342 2121 2565 2201; x_wconf 84' lang='lat' dir='ltr'>Atque</span> <span class='ocrx_word' id='word_1_299' title='bbox 2612 2117 2971 2179; x_wconf 82' lang='lat' dir='ltr'>secundum</span> <span class='ocrx_word' id='word_1_300' title='bbox 3014 2116 3147 2180; x_wconf 91' lang='lat' dir='ltr'>hoc</span> <span class='ocrx_word' id='word_1_301' title='bbox 3187 2116 3469 2179; x_wconf 74' lang='lat' dir='ltr'>institu—&#39;</span> 
     </span>
     <span class='ocr_line' id='line_1_57' title="bbox 1913 2209 3503 2298; baseline 0.001 -25"><span class='ocrx_word' id='word_1_302' title='bbox 1913 2223 2132 2273; x_wconf 85' lang='lat' dir='ltr'>tutum</span> <span class='ocrx_word' id='word_1_303' title='bbox 2168 2210 2357 2273; x_wconf 89' lang='lat' dir='ltr'>lubet</span> <span class='ocrx_word' id='word_1_304' title='bbox 2399 2213 2597 2274; x_wconf 83' lang='lat' dir='ltr'>varia</span> <span class='ocrx_word' id='word_1_305' title='bbox 2630 2211 2822 2294; x_wconf 82' lang='lat' dir='ltr'>hujus</span> <span class='ocrx_word' id='word_1_306' title='bbox 2856 2213 3012 2274; x_wconf 86' lang='lat' dir='ltr'>aevi</span> <span class='ocrx_word' id='word_1_307' title='bbox 3049 2213 3281 2294; x_wconf 86' lang='lat' dir='ltr'>capita</span> <span class='ocrx_word' id='word_1_308' title='bbox 3317 2229 3430 2298; x_wconf 79' lang='lat' dir='ltr'>ex·</span> <span class='ocrx_word' id='word_1_309' title='bbox 3492 2209 3503 2216; x_wconf 79' lang='grc'><strong><em>’</em></strong></span> 
     </span>
     <span class='ocr_line' id='line_1_58' title="bbox 1909 2306 3434 2392; baseline 0 -24"><span class='ocrx_word' id='word_1_310' title='bbox 1909 2307 2237 2391; x_wconf 83' lang='lat' dir='ltr'>pendere,</span> <span class='ocrx_word' id='word_1_311' title='bbox 2286 2326 2424 2370; x_wconf 86' lang='lat' dir='ltr'>non</span> <span class='ocrx_word' id='word_1_312' title='bbox 2448 2327 2582 2390; x_wconf 91' lang='lat' dir='ltr'>quo</span> <span class='ocrx_word' id='word_1_313' title='bbox 2615 2307 2868 2392; x_wconf 81' lang='lat' dir='ltr'>sperem</span> <span class='ocrx_word' id='word_1_314' title='bbox 2898 2355 2918 2385; x_wconf 90' lang='lat'>,</span> <span class='ocrx_word' id='word_1_315' title='bbox 2973 2326 3080 2369; x_wconf 87' lang='lat' dir='ltr'>me</span> <span class='ocrx_word' id='word_1_316' title='bbox 3118 2306 3434 2369; x_wconf 81' lang='lat' dir='ltr'>tenebras</span> 
     </span>
     <span class='ocr_line' id='line_1_59' title="bbox 1912 2402 3437 2489; baseline 0 -24"><span class='ocrx_word' id='word_1_317' title='bbox 1912 2422 2148 2466; x_wconf 90' lang='lat' dir='ltr'>omnes</span> <span class='ocrx_word' id='word_1_318' title='bbox 2174 2402 2622 2485; x_wconf 84' lang='lat' dir='ltr'>depulsurum,</span> <span class='ocrx_word' id='word_1_319' title='bbox 2676 2403 2784 2464; x_wconf 89' lang='lat' dir='ltr'>sed</span> <span class='ocrx_word' id='word_1_320' title='bbox 2818 2424 2952 2489; x_wconf 92' lang='lat' dir='ltr'>quo</span> <span class='ocrx_word' id='word_1_321' title='bbox 2974 2413 3233 2486; x_wconf 88' lang='lat' dir='ltr'>pateat,</span> <span class='ocrx_word' id='word_1_322' title='bbox 3269 2403 3437 2484; x_wconf 85' lang='lat' dir='ltr'>quid</span> 
     </span>
     <span class='ocr_line' id='line_1_60' title="bbox 1907 2497 3431 2574; baseline -0.003 -12"><span class='ocrx_word' id='word_1_323' title='bbox 1907 2499 1978 2562; x_wconf 88' lang='lat' dir='ltr'>in</span> <span class='ocrx_word' id='word_1_324' title='bbox 2006 2497 2315 2562; x_wconf 85' lang='lat' dir='ltr'>universa</span> <span class='ocrx_word' id='word_1_325' title='bbox 2356 2498 2488 2560; x_wconf 86' lang='lat' dir='ltr'>hac</span> <span class='ocrx_word' id='word_1_326' title='bbox 2519 2497 2717 2562; x_wconf 86' lang='lat' dir='ltr'>causa</span> <span class='ocrx_word' id='word_1_327' title='bbox 2741 2498 3114 2562; x_wconf 90' lang='lat' dir='ltr'>habeamus</span> <span class='ocrx_word' id='word_1_328' title='bbox 3152 2497 3431 2574; x_wconf 84' lang='lat' dir='ltr'>certum,</span> 
     </span>
     <span class='ocr_line' id='line_1_61' title="bbox 1910 2591 3433 2681; baseline -0.001 -23"><span class='ocrx_word' id='word_1_329' title='bbox 1910 2608 1977 2658; x_wconf 89' lang='lat' dir='ltr'>et</span> <span class='ocrx_word' id='word_1_330' title='bbox 2036 2614 2225 2681; x_wconf 27' lang='lat' dir='ltr'>quae·</span> <span class='ocrx_word' id='word_1_331' title='bbox 2273 2591 2707 2658; x_wconf 83' lang='lat' dir='ltr'>difficultates</span> <span class='ocrx_word' id='word_1_332' title='bbox 2760 2595 3021 2681; x_wconf 85' lang='lat' dir='ltr'>singulis</span> <span class='ocrx_word' id='word_1_333' title='bbox 3093 2591 3433 2656; x_wconf 68' lang='lat' dir='ltr'>sententiis</span> 
     </span>
     <span class='ocr_line' id='line_1_62' title="bbox 1910 2702 2367 2777; baseline 0 -23"><span class='ocrx_word' id='word_1_334' title='bbox 1910 2702 2367 2777; x_wconf 85' lang='lat' dir='ltr'>opponantur.</span> 
     </span>
    </p>
   </div>
   <div class='ocr_carea' id='block_1_10' title="bbox 1906 2878 3495 2976">
    <p class='ocr_par' dir='ltr' id='par_1_10' title="bbox 1906 2878 3495 2976">
     <span class='ocr_line' id='line_1_63' title="bbox 1906 2878 3495 2976; baseline 0.001 -25"><span class='ocrx_word' id='word_1_335' title='bbox 1906 2887 1960 2951; x_wconf 91' lang='lat'>1.</span> <span class='ocrx_word' id='word_1_336' title='bbox 1994 2886 2213 2972; x_wconf 78' lang='lat' dir='ltr'>Caesus</span> <span class='ocrx_word' id='word_1_337' title='bbox 2229 2887 2303 2975; x_wconf 85' lang='lat' dir='ltr'>est</span> <span class='ocrx_word' id='word_1_338' title='bbox 2321 2881 2716 2949; x_wconf 75' lang='lat' dir='ltr'>Maximinus</span> <span class='ocrx_word' id='word_1_339' title='bbox 2743 2884 2832 2952; x_wconf 83' lang='lat' dir='ltr'>V.</span> <span class='ocrx_word' id='word_1_340' title='bbox 2847 2884 2911 2951; x_wconf 88' lang='lat' dir='ltr'>C.</span> <span class='ocrx_word' id='word_1_341' title='bbox 2925 2906 3044 2969; x_wconf 78' lang='lat'>991</span> <span class='ocrx_word' id='word_1_342' title='bbox 3064 2885 3145 2951; x_wconf 89' lang='lat' dir='ltr'>P.</span> <span class='ocrx_word' id='word_1_343' title='bbox 3163 2878 3251 2951; x_wconf 77' lang='lat' dir='ltr'>X.</span> <span class='ocrx_word' id='word_1_344' title='bbox 3270 2900 3433 2966; x_wconf 77' lang='lat'><strong>233.-</strong></span> <span class='ocrx_word' id='word_1_345' title='bbox 3487 2968 3495 2976; x_wconf 27' lang='lat'><em>⁶</em></span> 
     </span>
    </p>
   </div>
   <div class='ocr_carea' id='block_1_11' title="bbox 1901 3078 3437 4506">
    <p class='ocr_par' dir='ltr' id='par_1_11' title="bbox 1905 3078 3437 3730">
     <span class='ocr_line' id='line_1_64' title="bbox 2003 3078 3430 3162; baseline -0.001 -19"><span class='ocrx_word' id='word_1_346' title='bbox 2003 3080 2149 3143; x_wconf 85' lang='lat' dir='ltr'>Viri</span> <span class='ocrx_word' id='word_1_347' title='bbox 2181 3080 2365 3143; x_wconf 89' lang='lat' dir='ltr'>omni</span> <span class='ocrx_word' id='word_1_348' title='bbox 2396 3078 2600 3143; x_wconf 86' lang='lat' dir='ltr'>laude</span> <span class='ocrx_word' id='word_1_349' title='bbox 2638 3081 2932 3159; x_wconf 81' lang='lat' dir='ltr'>majores</span> <span class='ocrx_word' id='word_1_350' title='bbox 2957 3125 2976 3154; x_wconf 93' lang='lat'>,</span> <span class='ocrx_word' id='word_1_351' title='bbox 3015 3079 3430 3162; x_wconf 78' lang='lat' dir='ltr'>onuphrius,</span> 
     </span>
     <span class='ocr_line' id='line_1_65' title="bbox 1905 3174 3436 3256; baseline -0.003 -17"><span class='ocrx_word' id='word_1_352' title='bbox 1905 3176 2265 3256; x_wconf 81' lang='lat' dir='ltr'>PetaviuS‚</span> <span class='ocrx_word' id='word_1_353' title='bbox 2319 3174 2646 3238; x_wconf 82' lang='lat' dir='ltr'>Calvisius</span> <span class='ocrx_word' id='word_1_354' title='bbox 2708 3186 2995 3236; x_wconf 86' lang='lat' dir='ltr'>mortem</span> <span class='ocrx_word' id='word_1_355' title='bbox 3069 3176 3436 3238; x_wconf 79' lang='lat' dir='ltr'>Maximini</span> 
     </span>
     <span class='ocr_line' id='line_1_66' title="bbox 1909 3270 3432 3351; baseline -0.003 -16"><span class='ocrx_word' id='word_1_356' title='bbox 1909 3270 2197 3335; x_wconf 87' lang='lat' dir='ltr'>Octobri</span> <span class='ocrx_word' id='word_1_357' title='bbox 2256 3272 2417 3332; x_wconf 88' lang='lat' dir='ltr'>anni</span> <span class='ocrx_word' id='word_1_358' title='bbox 2460 3274 2538 3335; x_wconf 86' lang='lat' dir='ltr'>V.</span> <span class='ocrx_word' id='word_1_359' title='bbox 2576 3270 2652 3331; x_wconf 92' lang='lat' dir='ltr'>C.</span> <span class='ocrx_word' id='word_1_360' title='bbox 2704 3290 2835 3349; x_wconf 88' lang='lat'>990</span> <span class='ocrx_word' id='word_1_361' title='bbox 2892 3270 2964 3333; x_wconf 89' lang='lat' dir='ltr'>P.</span> <span class='ocrx_word' id='word_1_362' title='bbox 2998 3272 3077 3334; x_wconf 92' lang='lat' dir='ltr'>X.</span> <span class='ocrx_word' id='word_1_363' title='bbox 3128 3289 3261 3351; x_wconf 76' lang='lat'>237</span> <span class='ocrx_word' id='word_1_364' title='bbox 3313 3271 3432 3331; x_wconf 84' lang='lat' dir='ltr'>ad-</span> 
     </span>
     <span class='ocr_line' id='line_1_67' title="bbox 1909 3363 3433 3447; baseline 0.001 -21"><span class='ocrx_word' id='word_1_365' title='bbox 1909 3363 2235 3439; x_wconf 78' lang='lat' dir='ltr'>fixeruht,</span> <span class='ocrx_word' id='word_1_366' title='bbox 2291 3366 2739 3447; x_wconf 86' lang='lat' dir='ltr'>opportunius</span> <span class='ocrx_word' id='word_1_367' title='bbox 2777 3363 2897 3426; x_wconf 88' lang='lat' dir='ltr'>alii</span> <span class='ocrx_word' id='word_1_368' title='bbox 2952 3382 3133 3425; x_wconf 86' lang='lat' dir='ltr'>anno</span> <span class='ocrx_word' id='word_1_369' title='bbox 3198 3366 3283 3424; x_wconf 91' lang='lat' dir='ltr'>V.</span> <span class='ocrx_word' id='word_1_370' title='bbox 3356 3363 3433 3428; x_wconf 91' lang='lat' dir='ltr'>C.</span> 
     </span>
     <span class='ocr_line' id='line_1_68' title="bbox 1912 3457 3437 3542; baseline -0.003 -20"><span class='ocrx_word' id='word_1_371' title='bbox 1912 3482 2073 3540; x_wconf 78' lang='lat'><strong>99¹·</strong></span> <span class='ocrx_word' id='word_1_372' title='bbox 2128 3457 2441 3522; x_wconf 83' lang='lat' dir='ltr'>Abstineo</span> <span class='ocrx_word' id='word_1_373' title='bbox 2486 3458 2944 3542; x_wconf 72' lang='lat' dir='ltr'>argumentiS,</span> <span class='ocrx_word' id='word_1_374' title='bbox 3020 3457 3260 3539; x_wconf 85' lang='lat' dir='ltr'>quibus</span> <span class='ocrx_word' id='word_1_375' title='bbox 3315 3476 3437 3541; x_wconf 91' lang='lat' dir='ltr'>po—</span> 
     </span>
     <span class='ocr_line' id='line_1_69' title="bbox 1909 3549 3434 3638; baseline -0.003 -21"><span class='ocrx_word' id='word_1_376' title='bbox 1909 3554 2249 3618; x_wconf 82' lang='lat' dir='ltr'>steriorem</span> <span class='ocrx_word' id='word_1_377' title='bbox 2276 3555 2666 3638; x_wconf 87' lang='lat' dir='ltr'>opinionem</span> <span class='ocrx_word' id='word_1_378' title='bbox 2711 3550 2995 3613; x_wconf 81' lang='lat' dir='ltr'>stabilire</span> <span class='ocrx_word' id='word_1_379' title='bbox 3021 3564 3303 3613; x_wconf 85' lang='lat' dir='ltr'>conatus</span> <span class='ocrx_word' id='word_1_380' title='bbox 3347 3549 3434 3614; x_wconf 88' lang='lat' dir='ltr'>est</span> 
     </span>
     <span class='ocr_line' id='line_1_70' title="bbox 1907 3636 3264 3730; baseline -0.001 -17"><span class='ocrx_word' id='word_1_381' title='bbox 1907 3636 2504 3729; x_wconf 72' lang='lat' dir='ltr'>Tillemontius.¹&#39;)</span> <span class='ocrx_word' id='word_1_382' title='bbox 2558 3647 2796 3709; x_wconf 86' lang='lat' dir='ltr'>Numis</span> <span class='ocrx_word' id='word_1_383' title='bbox 2838 3664 2982 3708; x_wconf 83' lang='lat' dir='ltr'>rem</span> <span class='ocrx_word' id='word_1_384' title='bbox 3034 3666 3264 3730; x_wconf 87' lang='lat' dir='ltr'>agam.</span> 
     </span>
    </p>

    <p class='ocr_par' dir='ltr' id='par_1_12' title="bbox 1901 3743 3437 4506">
     <span class='ocr_line' id='line_1_71' title="bbox 1999 3743 3436 3810; baseline -0.003 -1"><span class='ocrx_word' id='word_1_385' title='bbox 1999 3744 2175 3808; x_wconf 81' lang='lat' dir='ltr'>Istud</span> <span class='ocrx_word' id='word_1_386' title='bbox 2209 3746 2524 3809; x_wconf 77' lang='lat' dir='ltr'>evincunt</span> <span class='ocrx_word' id='word_1_387' title='bbox 2564 3745 2748 3805; x_wconf 88' lang='lat' dir='ltr'>numi</span> <span class='ocrx_word' id='word_1_388' title='bbox 2789 3743 3084 3806; x_wconf 86' lang='lat' dir='ltr'>Romani</span> <span class='ocrx_word' id='word_1_389' title='bbox 3129 3755 3269 3805; x_wconf 86' lang='lat' dir='ltr'>tam</span> <span class='ocrx_word' id='word_1_390' title='bbox 3335 3762 3436 3810; x_wconf 80' lang='lat' dir='ltr'>ar·</span> 
     </span>
     <span class='ocr_line' id='line_1_72' title="bbox 1905 3838 3434 3927; baseline -0.003 -21"><span class='ocrx_word' id='word_1_391' title='bbox 1905 3845 2147 3927; x_wconf 89' lang='lat' dir='ltr'>gentei,</span> <span class='ocrx_word' id='word_1_392' title='bbox 2184 3859 2387 3925; x_wconf 87' lang='lat' dir='ltr'>quam</span> <span class='ocrx_word' id='word_1_393' title='bbox 2413 3842 2606 3904; x_wconf 88' lang='lat' dir='ltr'>aenei</span> <span class='ocrx_word' id='word_1_394' title='bbox 2626 3839 3199 3903; x_wconf 86' lang='lat' dir='ltr'>senatusconsulto</span> <span class='ocrx_word' id='word_1_395' title='bbox 3232 3838 3434 3925; x_wconf 80' lang='lat' dir='ltr'>{igna-</span> 
     </span>
     <span class='ocr_line' id='line_1_73' title="bbox 1901 3933 3436 4023; baseline 0.001 -21"><span class='ocrx_word' id='word_1_396' title='bbox 1901 3942 1952 4002; x_wconf 91' lang='lat' dir='ltr'>ti</span> <span class='ocrx_word' id='word_1_397' title='bbox 1983 3979 2004 4016; x_wconf 88' lang='lat'>,·</span> <span class='ocrx_word' id='word_1_398' title='bbox 2063 3941 2130 4004; x_wconf 89' lang='lat' dir='ltr'>in</span> <span class='ocrx_word' id='word_1_399' title='bbox 2163 3938 2405 4023; x_wconf 85' lang='lat' dir='ltr'>quibus</span> <span class='ocrx_word' id='word_1_400' title='bbox 2456 3947 2731 4001; x_wconf 84' lang='lat' dir='ltr'>notatur</span> <span class='ocrx_word' id='word_1_401' title='bbox 2766 3934 2921 3999; x_wconf 85' lang='lat' dir='ltr'>trib.</span> <span class='ocrx_word' id='word_1_402' title='bbox 2973 3933 3265 4022; x_wconf 76' lang='lat' dir='ltr'>potestas</span> <span class='ocrx_word' id='word_1_403' title='bbox 3320 3935 3436 4004; x_wconf 83' lang='lat' dir='ltr'><strong>IV&#39;.</strong></span> 
     </span>
     <span class='ocr_line' id='line_1_74' title="bbox 1905 4031 3437 4100; baseline -0.005 0"><span class='ocrx_word' id='word_1_404' title='bbox 1905 4037 2171 4100; x_wconf 83' lang='lat' dir='ltr'>Horum</span> <span class='ocrx_word' id='word_1_405' title='bbox 2227 4031 2429 4096; x_wconf 83' lang='lat' dir='ltr'>fidem</span> <span class='ocrx_word' id='word_1_406' title='bbox 2505 4035 2573 4097; x_wconf 90' lang='lat' dir='ltr'>in</span> <span class='ocrx_word' id='word_1_407' title='bbox 2658 4032 2941 4096; x_wconf 89' lang='lat' dir='ltr'>dubium</span> <span class='ocrx_word' id='word_1_408' title='bbox 3012 4045 3437 4100; x_wconf 80' lang='lat' dir='ltr'>vocaverunt</span> 
     </span>
     <span class='ocr_line' id='line_1_75' title="bbox 1907 4130 3435 4214; baseline -0.001 -19"><span class='ocrx_word' id='word_1_409' title='bbox 1907 4133 2386 4196; x_wconf 84' lang='lat' dir='ltr'>Tillemontius</span> <span class='ocrx_word' id='word_1_410' title='bbox 2420 4173 2440 4207; x_wconf 83' lang='lat'>,</span> <span class='ocrx_word' id='word_1_411' title='bbox 2522 4136 2572 4208; x_wconf 72' lang='lat'>²)</span> <span class='ocrx_word' id='word_1_412' title='bbox 2664 4130 2918 4212; x_wconf 85' lang='lat' dir='ltr'>aliique</span> <span class='ocrx_word' id='word_1_413' title='bbox 3005 4131 3135 4193; x_wconf 86' lang='lat' dir='ltr'>viri</span> <span class='ocrx_word' id='word_1_414' title='bbox 3228 4149 3435 4214; x_wconf 79' lang='lat' dir='ltr'>prae-</span> 
     </span>
     <span class='ocr_line' id='line_1_76' title="bbox 1906 4224 3433 4310; baseline -0.003 -19"><span class='ocrx_word' id='word_1_415' title='bbox 1906 4228 2307 4293; x_wconf 83' lang='lat' dir='ltr'>stantissimi.</span> <span class='ocrx_word' id='word_1_416' title='bbox 2448 4231 2539 4290; x_wconf 84' lang='lat' dir='ltr'>At</span> <span class='ocrx_word' id='word_1_417' title='bbox 2578 4224 2854 4290; x_wconf 81' lang='lat' dir='ltr'>existere</span> <span class='ocrx_word' id='word_1_418' title='bbox 2962 4229 3101 4308; x_wconf 86' lang='lat' dir='ltr'>ejus</span> <span class='ocrx_word' id='word_1_419' title='bbox 3172 4226 3433 4310; x_wconf 76' lang='lat' dir='ltr'>generis</span> 
     </span>
     <span class='ocr_line' id='line_1_77' title="bbox 1901 4321 3430 4410; baseline -0.002 -23"><span class='ocrx_word' id='word_1_420' title='bbox 1901 4345 2037 4388; x_wconf 87' lang='lat' dir='ltr'>non</span> <span class='ocrx_word' id='word_1_421' title='bbox 2075 4343 2359 4410; x_wconf 62' lang='lat' dir='ltr'>paucos,</span> <span class='ocrx_word' id='word_1_422' title='bbox 2411 4321 2687 4387; x_wconf 80' lang='lat' dir='ltr'>testatur</span> <span class='ocrx_word' id='word_1_423' title='bbox 2722 4324 2834 4385; x_wconf 87' lang='lat' dir='ltr'>vel</span> <span class='ocrx_word' id='word_1_424' title='bbox 2879 4322 3089 4384; x_wconf 89' lang='lat' dir='ltr'>solum</span> <span class='ocrx_word' id='word_1_425' title='bbox 3133 4321 3430 4384; x_wconf 87' lang='lat' dir='ltr'>museum</span> 
     </span>
     <span class='ocr_line' id='line_1_78' title="bbox 1904 4418 3428 4506; baseline -0.004 -21"><span class='ocrx_word' id='word_1_426' title='bbox 1904 4421 2357 4506; x_wconf 75' lang='lat' dir='ltr'>Caesareum,</span> <span class='ocrx_word' id='word_1_427' title='bbox 2428 4423 2495 4484; x_wconf 89' lang='lat' dir='ltr'>in</span> <span class='ocrx_word' id='word_1_428' title='bbox 2578 4441 2712 4506; x_wconf 88' lang='lat' dir='ltr'>quo</span> <span class='ocrx_word' id='word_1_429' title='bbox 2761 4438 2895 4482; x_wconf 91' lang='lat' dir='ltr'>non</span> <span class='ocrx_word' id='word_1_430' title='bbox 2965 4418 3428 4482; x_wconf 84' lang='lat' dir='ltr'>adnumeratis</span> 
     </span>
    </p>
   </div>
   <div class='ocr_carea' id='block_1_12' title="bbox 286 4557 3408 4591">
    <p class='ocr_par' dir='ltr' id='par_1_13' title="bbox 286 4557 3408 4591">
     <span class='ocr_line' id='line_1_79' title="bbox 286 4557 3408 4591; baseline 0.001 -10"><span class='ocrx_word' id='word_1_431' title='bbox 286 4557 3408 4591; x_wconf 48' lang='lat' dir='ltr'>ww</span> 
     </span>
    </p>
   </div>
   <div class='ocr_carea' id='block_1_13' title="bbox 363 4629 1546 4707">
    <p class='ocr_par' dir='ltr' id='par_1_14' title="bbox 363 4629 1546 4707">
     <span class='ocr_line' id='line_1_80' title="bbox 363 4629 1546 4707; baseline 0.007 -24"><span class='ocrx_word' id='word_1_432' title='bbox 363 4631 423 4697; x_wconf 77' lang='lat' dir='ltr'>a)</span> <span class='ocrx_word' id='word_1_433' title='bbox 468 4629 777 4688; x_wconf 74' lang='lat' dir='ltr'>Animadv.</span> <span class='ocrx_word' id='word_1_434' title='bbox 816 4633 863 4686; x_wconf 90' lang='lat'>1.</span> <span class='ocrx_word' id='word_1_435' title='bbox 902 4633 976 4688; x_wconf 81' lang='lat' dir='ltr'>de</span> <span class='ocrx_word' id='word_1_436' title='bbox 1018 4631 1140 4688; x_wconf 77' lang='lat' dir='ltr'>trib.</span> <span class='ocrx_word' id='word_1_437' title='bbox 1177 4644 1291 4706; x_wconf 77' lang='lat' dir='ltr'>pot.</span> <span class='ocrx_word' id='word_1_438' title='bbox 1329 4651 1386 4707; x_wconf 84' lang='lat' dir='ltr'>p.</span> <span class='ocrx_word' id='word_1_439' title='bbox 1430 4649 1546 4706; x_wconf 77' lang='lat'>149.</span> 
     </span>
    </p>
   </div>
   <div class='ocr_carea' id='block_1_14' title="bbox 1735 4634 2627 4716">
    <p class='ocr_par' dir='ltr' id='par_1_15' title="bbox 1735 4634 2627 4716">
     <span class='ocr_line' id='line_1_81' title="bbox 1735 4634 2627 4716; baseline -0.006 -27"><span class='ocrx_word' id='word_1_440' title='bbox 1735 4635 1795 4702; x_wconf 84' lang='lat' dir='ltr'>b)</span> <span class='ocrx_word' id='word_1_441' title='bbox 1832 4635 1984 4689; x_wconf 79' lang='lat' dir='ltr'>Nota</span> <span class='ocrx_word' id='word_1_442' title='bbox 2021 4636 2192 4716; x_wconf 63' lang='lat' dir='ltr'>V·.i¹²</span> <span class='ocrx_word' id='word_1_443' title='bbox 2229 4634 2627 4691; x_wconf 75' lang='lat' dir='ltr'>Maximinum.</span> 
     </span>
    </p>
   </div>
   <div class='ocr_carea' id='block_1_15' title="bbox 2824 4630 3039 4696">
    <p class='ocr_par' dir='ltr' id='par_1_16' title="bbox 2824 4630 3039 4696">
     <span class='ocr_line' id='line_1_82' title="bbox 2824 4630 3039 4696; baseline 0 -14"><span class='ocrx_word' id='word_1_444' title='bbox 2824 4630 3039 4696; x_wconf 78' lang='lat' dir='ltr'>e)l.e.</span> 
     </span>
    </p>
   </div>
  </div>
 </body>
</html>
