4242 5459
1348 534 1729 614 IVLIA
1826 530 2542 610 SOAEMIAS.
2820 549 2857 574 ⁸·

391 763 478 811 an
516 739 743 829 pelle,
795 757 883 802 an
923 735 1100 820 offe,
1150 753 1236 800 an
1278 755 1446 799 auro
1472 781 1493 811 ‚
1545 747 1915 820 argentove

390 837 648 904 vestita.
687 842 744 912 ⁸)
797 821 918 897 Ex'
933 831 1271 917 probrosis
1297 832 1403 894 his
1433 834 1578 913 ejus
1610 833 1915 895 moribus

391 934 598 999 facile
641 934 1014 1005 creditum,
1088 926 1278 989 fuiss'e
1340 925 1743 991 Caracallae
1796 947 1917 1011 per

395 1029 687 1113 stuprum
736 1024 1102 1109 cognitam.
1155 1022 1313 1085 Filii
1358 1022 1622 1085 insanos
1685 1042 1914 1085 mores

388 1130 530 1211 jam
564 1122 831 1184 nemine
855 1117 1153 1193 ferente,
1207 1118 1642 1199 omniumque
1689 1115 1914 1180 studiis

393 1223 463 1285 in
495 1216 957 1281 Alexandrum
1008 1211 1385 1290 convertis,
1438 1225 1588 1275 orta
1624 1212 1912 1275 militum

395 1315 719 1379 seditione
757 1330 907 1374 cum
930 1308 1116 1386 filio,
1169 1328 1367 1392 quem
1396 1309 1737 1371 mordicus
1773 1306 1916 1393 ipsa

397 1408 761 1494 complexa
794 1405 1112 1487 tenebat,
1167 1406 1234 1468 in
1277 1401 1503 1472 castris
1556 1404 1913 1479 occiditur,

397 1523 649 1598 corpus
695 1496 986 1587 primum
1041 1501 1422 1577 nudatum,
1487 1511 1915 1582 tractumque

392 1620 521 1688 per
566 1587 749 1660 urbis
808 1596 1044 1678 vicos,
1096 1594 1433 1681 postremo
1472 1596 1539 1657 in
1603 1594 1915 1658 cloacam

393 1696 737 1825 abjectpm
786 1689 875 1754 est
931 1692 1199 1755 circiter
1241 1691 1358 1754 XI.
1415 1691 1655 1754 Martii
1710 1692 1795 1754 V.
1835 1689 1914 1754 C.

401 1809 759 1952 97g'roles.
809 1882 1088 1945 Praeter
1115 1879 1534 1967 Elagabalum
1557 1884 1734 1947 alios
1755 1902 1918 1972 quo·

398 2003 530 2069 que
579 1977 882 2043 habuisse
915 1977 1167 2040 liberos
1227 1979 1429 2041 docet
1465 1999 1769 2042 marmor
1824 1979 1920 2042 bi-

396 2081 622 2164 lingue
649 2121 669 2152 ,
720 2075 904 2158 quod
945 2072 1139 2157 supra
1179 2072 1295 2135 sub
1319 2075 1730 2161 principium
1768 2073 1922 2136 Ela-

399 2174 630 2261 gabali
663 2170 997 2243 recitavi,
1052 2171 1369 2253 quodque
1405 2169 1577 2233 Iulia
1597 2170 1927 2252 Soaeqnias

398 2271 684 2361 Baffim
702 2261 1076 2350 satiandum
1118 2268 1363 2329 curavit
1420 2264 1625 2332 CVM
1674 2265 1930 2332 FILIS

391 2368 630 2440 ,marito
662 2410 684 2445 ,
730 2372 788 2428 et
806 2363 994 2447 patri
1026 2363 1444 2453 amanttffmo.

1008 2555 1314 2621 Numi.-

625 2767 632 2773 ·
690 2746 965 2816 IVLIA.
1019 2744 1498 2812 SOAEMIAS.
1563 2741 1775 2810 AVG.
1832 2743 1933 2811 ve!

691 2841 1151 2910 AVGVSTA.
1200 2844 1415 2930 Hujus
1460 2850 1666 2925 caput.

397 2942 722 3008 VENVS.
751 2937 1267 3004 CAELESTIS.
1349 2936 1927 3024 Deasedenspueffo

392 3043 668 3129 efflanti
698 3055 947 3123 pomum
977 3031 1202 3126 offlrt.
1233 3035 1297 3121 s.
1328 3032 1579 3121 hastam.
1634 3034 1708 3095 In
1738 3035 1928 3097 aliis.

389 3137 639 3204 Eadem
665 3135 851 3222 stans
913 3151 1047 3197 cum
1101 3130 1319 3196 iisdem
1375 3128 1725 3195 attributis,
1775 3133 1924 3198 AV.

397 3227 685 3318 (Vaill.)
739 3230 883 3292 AR.
910 3228 1058 3291 AE.
1093 3227 1145 3289 Ι.
1181 3228 1264 3291 11.
1316 3225 1518 3310 (Mus.
1554 3221 1778 3307 Caes.)

498 3328 709 3392 Obvii
748 3324 939 3386 sunt
920 3343 990 3386 ιιι
1024 3322 1435 3387 Soaemiade
1467 3319 1540 3382 hi
1568 3322 1744 3403 typi.
1795 3324 1923 3386 Ve-

392 3445 529 3492 nus
564 3419 884 3486 Coelefiis
908 3466 927 3494 ‚
981 3419 1084 3502 [eu
1120 3420 1420 3493 Vrania,
1461 3416 1664 3498 Syris
1703 3413 1926 3479 ΑΒΜ·-

391 3537 511 3600 te,
564 3536 812 3581 numen
856 3515 1101 3596 Syrum
1130 3564 1151 3596 ,
1202 3526 1264 3576 et
1310 3511 1705 3575 Soaemiadi
1746 3507 1924 3575 adeo

389 3611 860 3683 domesticum.
947 3613 1051 3674 De
1114 3628 1199 3671 ea
1246 3607 1465 3682 multa
1516 3607 1810 3670 diximus
1855 3610 1925 3671 in

384 3716 622 3781 nuruis
645 3707 910 3771 urbium
940 3707 1180 3791 Syriae
1206 3704 1344 3768 late
1367 3700 1694 3788 sumptae.
1733 3703 1926 3767 Haec

381 3816 628 3878 ‘Venus
660 3824 832 3867 nunc
884 3806 1177 3889 primurn
1216 3801 1284 3863 in
1325 3810 1610 3884 *moneta
1663 3798 1750 3863 R.
1802 3819 1924 3863 oc-

387 3908 646 3980 currit3
699 3919 856 3961 nam
909 3919 1186 3963 aureum
1242 3896 1657 3980 Agrippinae
1691 3896 1927 3976 ‚junio-

377 4006 491 4068 ris
511 4022 662 4066 cum
686 3995 1055 4080 epigraphe
1077 3995 1254 4057 VEN
1265 3992 1392 4057 VS.
1409 3990 1926 4069 COELESTIS,

387 4119 604 4184 quem
647 4112 815 4159 unus
862 4093 1052 4155 dedit
1114 4086 1655 4164 Mediobarbus,
1720 4087 1926 4172 negli-

383 4198 689 4284 gendum
735 4203 926 4272 putu.
1009 4187 1351 4271 Deinceps
1401 4186 1471 4247 in
1517 4203 1654 4246 una
1691 4184 1917 4247 adhuc

3346 546 3486 631 265

2001 735 2191 818 Mag.
2246 735 2501 797 Vrbica
2550 732 2941 812 revertitur,
3014 731 3305 820 scripto}
3371 736 3525 801 VE-

2001 830 2202 894 NVS.
2240 829 2605 892 CELEST.
2661 828 2951 892 Cautum
2995 843 3228 895 tamen
3258 829 3413 911 fuit,
3444 852 3530 896 ne

2004 925 2177 1008 Syra
2222 925 2397 988 haec
2442 926 2572 988 dea
2639 944 2829 988 more
2882 925 3056 1008 Syro
3111 946 3527 1012 proponere·

2003 1033 2150 1100 tur,
2202 1019 2389 1083 haud
2431 1019 2686 1097 dubie,
2732 1041 2817 1084 ne
2863 1021 3189 1106 populum
3232 1021 3530 1089 offende-

2003 1128 2106 1180 ret
2153 1117 3429 1201 peregrinitas„

2102 1211 2178 1273 In
2220 1212 2637 1293 reliquorum
2676 1211 2952 1275 aversa·
3024 1213 3229 1299 Caput
3271 1224 3333 1278 et
3399 1217 3533 1297 epi-

1998 1308 2251 1393 graphe
2299 1305 2644 1390 Elagabaln’
2683 1354 2702 1384 ‚
2755 1307 2910 1371 vel:
2980 1309 3228 1375 IVNO.
3294 1307 3536 1373 REGr-

2004 1404 2152 1467 NA.
2226 1435 2324 1451 —
2392 1403 2741 1472 MATER.
2808 1403 3099 1471 DEVM.
3170 1421 3305 1470 cum
3370 1406 3539 1491 typis

2002 1502 2322 1584 congruis.

2102 1596 2204 1659 Cl.
2210 1596 2569 1682 '3Beauvais
2590 1595 3020 1661 Soaemiadis
3043 1616 3317 1662 numum
3341 1597 3537 1678 citat,

2004 1693 2074 1754 in
2114 1695 2298 1773 cujus
2335 1693 2575 1756 aversa
2614 1691 2701 1755 est
2746 1705 2951 1777 caput
2984 1691 3412 1758 caracallae.
3474 1694 3534 1777 e)

2006 1787 2263 1852 Mirum
2306 1787 2645 1874 profecto.
2700 1788 2989 1854 Vivente
3028 1790 3149 1853 illo
3177 1789 3538 1855 Soaemias

2006 1886 2295 1948 necdum
2338 1881 2673 1968 Augustae
2724 1903 3015 1969 nomen,
3066 1897 3133 1949 et
3172 1887 3349 1949 adeo
3393 1886 3536 1949 nul·

2003 1981 2149 2043 >lum
2183 1981 2250 2042 in
2277 1991 2623 2043 monetam
2658 1983 2763 2062 jus
2785 1979 3050 2046 habuit.
3103 1981 3233 2043 Illo
3266 2000 3353 2045 ac
3385 1983 3538 2045 Ma·

2012 2076 2204 2137 crino
2245 2076 2528 2138 mortuis
2590 2087 2658 2138 et
2716 2088 2955 2142 evecto
3023 2078 3109 2140 ad
3174 2078 3538 2163 imperium

2010 2170 2395 2255 Elagabalo
2457 2183 2649 2233 tanto
2719 2174 2938 2236 minus
2992 2184 3326 2257 repugnat
3376 2192 3540 2236 cou-

2009 2267 2317 2348 junctum
2378 2267 2728 2349 utriusque
2795 2281 3047 2352 caput,
3100 2280 3356 2351 quanto
3408 2268 3537 2330 im·

2015 2359 2276 2445 pensius
2315 2361 2429 2424 hic
2476 2359 2880 2428 caracallae
2909 2376 2977 2427 et
3010 2362 3440 2427 Soaemiadis
3461 2360 3537 2426 fi-

2013 2455 2144 2520 lius
2179 2456 2422 2519 haberi
2463 2458 2781 2543 credique
2826 2460 3068 2524 voluit.
3123 2463 3215 2522 At
3256 2472 3398 2522 tum
3424 2479 3537 2523 ne-

2016 2552 2184 2615 cess'e
2243 2550 2331 2615 est
2383 2553 2604 2616 adess'e
2682 2556 3202 2620 consecrationis
3259 2556 3538 2625 indicia.

2014 2651 2257 2713 Verius
2316 2650 2519 2734 igitur
2577 2651 2883 2734 videtur,
2962 2654 3080 2737 qui
3118 2650 3539 2737 Elagabalus

2017 2743 2151 2822 est,
2202 2764 2327 2830 pro
2375 2743 2736 2828 Caracalla
2774 2748 3126 2824 habitum,
3178 2769 3384 2832 quam
3439 2749 3537 2812 su-

2017 2841 2381 2926 spicionem
2422 2843 2760 2926 patienter
2803 2843 2982 2909 ferat
3017 2847 3124 2908 vir
3185 2846 3484 2909 eruditus
3515 2892 3539 2922 ,

2019 2939 2127 2999 cui
2158 2937 2297 3022 ipse
2333 2938 2598 3001 caulam
2634 2942 2995 3024 praebuit,
3068 2942 3391 3027 quoniam
3448 2944 3542 3006 ad

2015 3031 2406 3099 faciendam
2454 3054 2663 3097 numo
2703 3048 2844 3099 tam
2876 3037 3187 3123 singulari
3222 3036 3429 3101 fidem
3461 3037 3543 3102 li-

2016 3127 2317 3194 beralior
2354 3132 2491 3212 ejus
2528 3133 2784 3194 mentio
2818 3130 3142 3197 facienda
3183 3131 3430 3198 fuerat.

2308 3318 2510 3384 Numi
2557 3324 2879 3386 commatis
2919 3325 3264 3407 peregrini.

2111 3508 2414 3572 Plurium
2452 3507 2866 3573 Graecarum
2905 3510 3170 3573 urbium
3204 3508 3541 3579 habemus

2019 3625 2285 3670 numos.
2338 3606 2769 3691 Epigraphe:
2839 3608 3169 3679 loTAlA,
3202 3608 3542 3673 COAIMI·

2021 3703 2172 3776 AC,
2228 3703 2444 3763 rarius
2494 3702 2903 3786 COAlMlC,
2950 3702 3063 3767 vel
3113 3702 3317 3768 etiam
3345 3704 3541 3770 COT·

2022 3797 2312 3873 Amic,
2383 3797 2883 3864 coTA1M1AC.
2965 3803 3036 3863 ln
3095 3817 3301 3864 numo
3353 3799 3542 3866 Side·

2019 3907 2163 3958 tum
2204 3893 2409 3956 musei
2461 3892 2656 3959 Com.
2700 3891 2961 3959 Viizai:
3031 3898 3266 3962 loTA.
3315 3897 3545 3963 COA1·

2021 3992 2267 4053 ΜΙΔΑ.
2321 3990 2644 4053 Rariores
2679 3990 2824 4054 sunt
2858 3990 3281 4058 coloniarum
3328 3995 3543 4076 numi,

2019 4099 2093 4149 ut
2150 4096 2216 4148 et
2261 4086 2728 4152 Alexandrini.

371 4349 1817 4387 *W

377 4425 872 4567 *Βηὲὸιῗωιίήιὲ
894 4424 1033 4567 ἱξ4ἓ.
1066 4443 1115 4486 e
1100 4437 1201 4542 ’4.
1424 4421 1488 4491 b)
1537 4421 1656 4477 Dio
1689 4421 1759 4485 L,
1795 4420 2071 4478 Lxxlx.
2105 4424 2140 4493 ς
2180 4438 2267 4486 2⁰.
2305 4421 2616 4518 Herodian.
2653 4425 2713 4477 in
2748 4422 2906 4497 Elag-
2943 4444 2990 4482 e.
3029 4436 3086 4489 8.

496 4574 690 4659 (Vol.
728 4572 934 4656 Vn.)
3036 4570 3148 4637 ιι

3312 4427 3362 4495 e)
3398 4424 3529 4482 Hiss.
