4242 5459
858 487 1063 657 1426

901 743 1110 820 lieno,
1163 756 1451 824 quorum
1483 741 1747 826 utrique
1793 740 2068 806 additur
2108 741 2266 810 trib.
2304 765 2424 831 po·

905 836 1104 902 testas
1137 837 1322 914 vu„
1362 849 1429 900 et
1462 837 1811 916 Salonine,
1866 840 1979 920 qui
2016 839 2294 903 dicitur:
2343 842 2423 905 P.

902 932 1445 1000 CORNELIVS.
1491 934 2021 1000 SALONINVS.
2052 936 2421 999 VALERI-

905 1030 1164 1096 ANvS.
1219 1027 1917 1094 NOBILISS.CAES.
1955 1031 2223 1095 PONT.
2261 1031 2424 1095 Cur-

903 1128 1101 1190 rebat
1128 1126 1397 1189 illorum
1436 1126 1814 1190 tribunatus
1848 1127 1997 1191 VII.
2044 1146 2198 1190 cum
2245 1147 2422 1191 anno

902 1226 992 1287 V.
1017 1222 1092 1286 C.
1147 1240 1319 1283 1012
1347 1268 1365 1296 ,
1417 1222 1766 1299 Salonini,
1820 1235 1892 1283 ut
1930 1223 2260 1299 diximus,
2305 1243 2421 1308 po·

902 1309 1150 1383 stremo
1175 1365 1195 1396 ‚
1247 1329 1314 1379 et
1348 1328 1579 1381 tamen
1625 1316 1873 1381 Caesar
1909 1317 2135 1381 adhuc
2163 1331 2424 1382 tanturn

904 1414 1315 1503 appellatur.
1370 1413 1579 1499 Lapis
1618 1412 1776 1476 teste
1814 1410 2200 1477 Muratori'o
2229 1411 2291 1493 ⁸)
2330 1434 2426 1477 re-

904 1525 1136 1599 pertus
1180 1508 1267 1573 est
1306 1508 1633 1572 in·1talia.
1685 1512 1793 1571 An
1829 1521 1893 1572 et
1942 1507 2114 1574 haec
2155 1530 2422 1595 quoque

903 1610 1093 1695 regio
1139 1608 1228 1670 ad
1267 1604 1563 1669 senatum
1611 1605 1933 1689 pertinuit
1958 1607 1989 1666 ’ἒ

1004 1709 1090 1769 V.
1144 1703 1326 1785 Quin
1361 1714 1428 1764 et
1462 1699 1579 1787 ipfi
1616 1704 1825 1777 numi,
1878 1701 1993 1782 qui
2024 1700 2423 1764 Saloninum

905 1798 1265 1886 Angustum
1298 1796 1766 1884 pronunciant,
1820 1796 2129 1880 plerique
2160 1797 2424 1879 aliquid

904 1898 1006 1962 illi
1052 1898 1137 1959 de
1176 1892 1508 1980 Augufleo
1555 1891 1816 1955 honore
1856 1892 2237 1955 detrahunt.
2319 1892 2425 1954 Ea

906 2005 1135 2060 aetate
1177 1988 1622 2075 Augustorum
1666 1989 1896 2074 capita
1937 1990 2005 2051 in
2049 1989 2273 2052 numis
2311 2007 2421 2052 cu-

902 2097 1273 2176 juscunque
1293 2087 1653 2150 commatis
1683 2085 1865 2148 nuda
1886 2104 2228 2168 nunquam
2246 2103 2427 2147 com·
2465 2134 2474 2145 .

905 2198 1171 2277 parent.
1224 2189 1315 2249 At
1350 2182 1713 2246 Saloninus
1760 2181 1871 2244 etsi
1918 2178 2193 2265 Augusti
2224 2180 2427 2264 titulo

907 2284 1205 2349 tumidus
1225 2293 1456 2343 tamen
1488 2280 1556 2341 in
1577 2275 1796 2341 numis
1814 2278 2141 2362 Aegypti,
2193 2287 2259 2338 et
2288 2276 2428 2362 ple·

902 2398 1267 2462 rarumque
1307 2376 1592 2438 aliarum
1621 2373 1911 2455 urbium,
1935 2392 2070 2456 quo
2106 2384 2314 2457 caput
2331 2384 2435 2435 te-

905 2487 1129 2563 geret,
1181 2493 1317 2538 non
1358 2472 1627 2557 reperit.
1677 2469 1940 2532 Eodem
1988 2470 2199 2532 modo
2241 2469 2427 2530 numi

902 2572 1227 2661 Aegyptii
1260 2569 1648 2655 Philippum
1675 2567 2048 2650 juniorem,
2096 2584 2237 2652 quo
2255 2576 2424 2627 tem·

903 2690 1073 2757 pore
1120 2666 1367 2733 Caesar
1409 2677 1677 2728 tantum
1721 2674 1910 2740 erat,
1966 2664 2090 2725 rite
2127 2660 2422 2745 ,quidem

907 2768 1132 2852 capite
1178 2764 1359 2831 nudo
1389 2770 1818 2848 proponunt,
1887 2770 1954 2821 et
2002 2772 2230 2822 tamen
2268 2758 2424 2820 Kou-

905 2884 1062 2949 σαρα
1092 2856 1437 2925 cenorum
1475 2857 1850 2942 appellant.

1002 2958 1121 3020 VI.
1174 2955 1487 3036 Denique
1528 2974 1677 3015 cnm
1732 2951 1915 3015 numi
1975 2969 2257 3026 omnes,
2310 2950 2424 3032 qui

902 3056 1231 3118 hactenus
1280 3050 1648 3112 Valeriano
1691 3052 1831 3132 jun.
1878 3047 1966 3111 ab
2018 3045 2420 3128 antiquariis

904 3148 1110 3216 tribui
1156 3147 1680 3224 consueverunt,
1736 3145 1927 3208 haud
1974 3141 2177 3205 dubie
2222 3140 2424 3203 Salo·

901 3253 1063 3314 nino
1104 3243 1482 3309 restituendi
1527 3242 1687 3320 fint,
1742 3254 1814 3305 nt
1837 3241 2147 3323 sequente
2182 3238 2419 3300 diat-ri-

902 3349 995 3412 ba
1032 3345 1358 3408 adcurate
1400 3336 1911 3423 comprobabo,
1974 3354 2071 3397 ex
2117 3352 2254 3416 quo
2322 3332 2421 3396 se-

900 3436 1161 3531 quitur,
1215 3455 1647 3522 nequaquam
1687 3433 1954 3495 unicum
1994 3441 2256 3493 tantum
2301 3429 2419 3491 Sa·

898 3538 1114 3607 lonini
1153 3556 1426 3600 numum
1451 3541 1839 3618 argenteum
1875 3548 2029 3592 cnm
2062 3526 2265 3589 titulo
2286 3527 2420 3587 Au.

901 3635 1065 3723 gusti
1109 3632 1639 3719 agnoscendum,
1692 3628 1800 3690 sed
1843 3626 2108 3710 plureS,
2161 3642 2418 3705 eosque

893 3730 1064 3813 justo
1100 3748 1424 3806 numero,
1476 3722 1891 3810 Brequignyi
1947 3720 2271 3783 sententia
2323 3717 2428 3781 su-

906 3840 1070 3912 apte
1111 3825 1383 3890 corruit.
1455 3823 1635 3886 Nam
1675 3814 1826 3884 cum
1865 3818 1937 3881 hi
1988 3818 2173 3880 numi
2214 3816 2424 3909 mani-

903 3920 1064 3986 feste
1101 3918 1216 3983 [int
1262 3918 1622 3982 commatis
1664 3914 2005 3991 Romani,
2059 3925 2126 3975 et
2161 3911 2423 3975 Saloni·

903 4038 1061 4083 num
1089 4062 1110 4092 ,
1191 4015 1300 4077 seu
1351 4017 1588 4078 vivum
1634 4011 1738 4077 seu
1779 4009 2170 4075 defunctum
2202 4058 2223 4088 ,
2281 4009 2425 4089 jam

900 4112 1261 4187 Caesarem
1306 4113 1450 4188 jam
1488 4107 1849 4192 Augustum
1897 4104 2282 4190 promiscue
2327 4103 2425 4165 di·

902 4224 1100 4287 cant,
1150 4203 1384 4270 titulus
1432 4200 1702 4285 Augusti
1741 4221 1877 4265 non
1917 4205 2057 4284 jam
2096 4219 2184 4262 ex
2226 4199 2426 4261 varia

904 4319 1126 4372 mente
1153 4298 1655 4390 provinciarum
1683 4295 1768 4357 est
1807 4296 2276 4380 explicandus,
2316 4294 2426 4356 sed

2091 540 2687 620 SALONIN
2717 542 2890 620 VS.

2509 743 2662 807 bem
2696 740 2940 808 ‘stetiss'e
2990 742 3433 831 agnoscimus.
3516 748 3602 811 At
3645 748 3800 812 enirn
3844 748 3953 814 ido-

2506 858 2702 904 neam
2736 846 2889 920 ejus
2947 859 3486 907 commemorare
3542 845 3819 927 causam,
3861 848 3954 909 hoc

2511 956 2724 1022 opus,
2775 936 2896 1015 hic,
2922 937 3140 1001 labor.
3242 940 3556 1002 Tentabo
3601 953 3825 1007 tamen.
3877 944 3955 1002 vi·

2511 1033 2641 1096 deo
2688 1034 2753 1094 in
2781 1032 3116 1095 nonnullis
3146 1036 3592 1098 monumentis
3633 1035 3953 1099 Saloninum

2509 1130 2946 1210 imperatorem
2991 1129 3150 1196 nob.
3191 1129 3549 1195 Caesarem
3584 1131 3815 1214 absque
3845 1134 3958 1194 titu-

2510 1222 2581 1286 lo
2624 1222 2890 1307 Augusti
2937 1225 3092 1290 dici.
3162 1227 3434 1289 Recitat
3486 1225 3787 1290 Gruterus
3830 1246 3958 1291 mar·

2514 1339 2665 1382 mor
2710 1320 3134 1404 inscriptum:
3191 1323 3376 1387 ΙΜΡ.
3411 1321 3658 1385 ὈΛΕὸ.
3692 1323 3758 1384 P.
3797 1320 3956 1384 LICI-

2512 1415 2695 1478 NIO.
2742 1413 3131 1479 CORNEL.
3176 1417 3717 1481 VALERIANO.
3766 1417 3954 1480 NOBI-

2513 1509 2698 1572 LISS
2744 1547 2775 1563 -
2825 1548 2858 1562 --
2911 1509 3092 1578 CES.
3134 1511 3555 1576 PRINCIPI.
3596 1512 3958 1591 lvaNTv.

2512 1605 2679 1670 TIS.
2718 1594 2782 1685 b)
2836 1604 2905 1668 Si
2944 1625 3110 1670 vera
3149 1606 3237 1670 est
3272 1608 3478 1677 lentio
3536 1610 3745 1686 numi,
3810 1627 3955 1690 quem

2512 1701 2712 1783 supra
2763 1722 2852 1764 ex
2915 1701 3142 1766 museo
3195 1701 3612 1768 Genovevae
3647 1704 3874 1779 citavi,
3910 1714 3955 1763 et

2514 1798 2627 1881 qui
2685 1793 2771 1859 est
2809 1799 3170 1863 commatis
3204 1801 3542 1879 Romani,
3592 1801 3658 1863 in
3695 1798 3809 1862 hoc
3839 1816 3953 1882 quo·

2515 1913 2644 1976 que
2688 1894 2931 1955 dicitur
2976 1894 3158 1959 IMP.
3201 1894 3276 1959 C.
3316 1896 3400 1961 L.
3438 1893 3953 1959 VALERIANVS.

2512 1988 2720 2052 NOB.
2760 1988 3046 2066 CAES„
3102 2003 3174 2052 ut
3205 1992 3474 2053 mittam
3521 2009 3746 2055 numos
3791 1989 3949 2074 plures

2517 2082 2817 2148 Graecos
2843 2131 2860 2161 ‚
2912 2087 2976 2146 in
3015 2085 3258 2169 quibus
3291 2087 3501 2150 solum
3543 2089 3790 2150 titulum
3822 2079 3946 2147 ἁυτο·

2517 2200 2846 2265 κρατορος,
2911 2183 3312 2265 imperatoris
3379 2183 3698 2267 praefert.
3784 2178 3953 2242 videri

2515 2278 2718 2360 igitur
2748 2274 2990 2360 possit,
3042 2275 3443 2340 Saloninum
3473 2326 3492 2356 ‚
3547 2298 3688 2341 cum
3725 2279 3848 2338 vice
3873 2292 3951 2356 pa·

2515 2376 2634 2435 tris
2676 2372 2858 2457 apud
2883 2374 3252 2434 exereitum
3277 2371 3616 2437 Gatlicum
3651 2368 3951 2439 subsisteret,

2517 2480 2591 2530 ut
2629 2471 2888 2548 majore
2922 2468 3208 2552 polleret
3240 2472 3687 2544 auctoritate,
3734 2472 3951 2551 impera·

2516 2565 2683 2626 toris
2715 2563 2914 2626 timlo
2939 2609 2958 2642 ,
3010 2562 3121 2627 sed
3158 2563 3440 2627 militari
3487 2578 3774 2641 tantum,
3813 2559 3951 2623 fuiffe

2515 2671 2850 2741 ornatum.
2952 2656 3135 2741 Quid
3201 2660 3386 2742 quod
3460 2663 3695 2724 eadem
3751 2658 3950 2721 ratione

2511 2754 2745 2839 paullo
2787 2752 2932 2837 post
2979 2758 3164 2818 numi
3214 2774 3357 2817 non
3413 2760 3618 2841 pauci
3678 2750 3869 2820 Carini
3909 2759 3954 2809 et

2508 2850 2905 2913 Numeriani
2947 2850 3241 2936 inscripti
3275 2849 3513 2915 fuere:
3589 2854 3760 2915 ῘΜΡ.
3792 2848 3850 2911 C.
3886 2840 3951 2907 Μ,

2510 2948 2719 3012 AVB.
2776 2945 3184 3010 CARINVS.
3232 2947 3352 3008 vel
3408 2938 3951 3010 NVMERIANVS.

2507 3044 2717 3106 NO-B.
2775 3041 2852 3105 C.
2880 3089 2899 3119 ,
2951 3052 3137 3121 cujus
3175 3062 3413 3105 veram
3445 3043 3712 3107 causam
3756 3044 3810 3103 in
3843 3035 3956 3100 utri·

2509 3159 2721 3222 usque
2739 3138 2963 3203 nuntia
2988 3158 3074 3200 ex
3091 3139 3378 3223 vopisco
3400 3158 3788 3225 proponam.
3810 3137 3955 3197 Prae·

2507 3236 2781 3320 cipuum
2858 3234 3245 3319 exemplum
3313 3236 3620 3298 Iulianus
3678 3230 3955 3319 apostata,

2505 3332 2574 3394 in
2611 3333 2852 3393 iisdem
2892 3328 3134 3392 Galliis
3188 3342 3256 3393 et
3306 3329 3561 3395 Caesar
3606 3345 3871 3400 tantum,
3912 3330 3959 3382 et

2505 3428 2904 3511 imperator.
2956 3425 3024 3487 Si
3075 3445 3241 3489 vera
3286 3425 3428 3488 sunt
3477 3426 3786 3491 Trebellii
3831 3416 3952 3482 testi·

2507 3523 2792 3599 monia,
2866 3520 3073 3583 etiam
3127 3521 3535 3586 Valerianus
3595 3527 3723 3604 iun.
3793 3516 3956 3581 dictus

2512 3631 2658 3682 erat
2683 3620 3080 3702 imperator,
3133 3637 3334 3700 quem
3353 3629 3585 3682 tamen
3616 3634 3813 3699 neque
3835 3609 3955 3673 Cae·

2507 3715 2719 3778 sarem
2744 3762 2762 3792 ,
2817 3733 3032 3797 neque
3069 3712 3436 3797 Augustum
3475 3712 3662 3777 fu‘iss'e
3719 3712 3958 3793 sequente

2511 3812 2810 3875 diatriba
2870 3808 3205 3872 luculente
3257 3809 3597 3895 probabo,
3695 3808 3830 3870 Non
3884 3796 3960 3859 hit

2510 3908 2812 3993 disputo,
2867 3902 3198 3988 quid'hac
3234 3918 3506 3982 aetate,
3561 3920 3627 3969 et
3657 3906 3719 3967 in
3747 3902 3862 3964 hac
3885 3911 3955 3953 re·

2509 4023 2655 4066 rum
2697 4005 3001 4067 omnium
3056 4001 3565 4085 perturbatione
3621 4003 3686 4063 in
3731 4001 3959 4078 impeta·

2504 4103 2674 4164 toris
2705 4095 3047 4162 vocabule
3084 4101 3358 4183 ejusque
3378 4098 3554 4160 sensu
3582 4092 3854 4183 potuerit
3870 4087 3966 4147 im·-

2509 4196 2799 4271 mutari,
2851 4194 2961 4256 ets
3009 4194 3285 4271 Titum,
3336 4194 3746 4274 Traianum,
3793 4193 3951 4249 Anto·

2509 4292 2735 4353 ninum
2771 4291 2989 4365 Pium,
3039 4287 3520 4365 Commodum,
3588 4276 3956 4350 caracalla?

903 4407 1148 4469 mirum
1193 4402 1366 4469 hunc
1418 4390 1761 4459 dill'ensum
1818 4392 1997 4452 intra
2052 4391 2267 4476 ipsam
2324 4408 2426 4450 ur·
2499 4390 2637 4468 jam
2678 4386 3045 4449 viderimus
3077 4387 3562 4470 imperatores,
3642 4393 3707 4444 et
3753 4384 3958 4439 tantum

921 4500 3956 4563 ’.ΝΜ-ῤ’.

972 4613 1034 4678 a)
1064 4609 1192 4679 Pag.
1228 4609 1349 4672 460.
1387 4623 1442 4674 5.
1637 4601 1693 4659 b)
1734 4600 1867 4670 Pag.
1912 4607 2036 4667 ¹5⁸·
2065 4606 2117 4657 8.
