4242 5459
846 559 933 633 ⁶8

810 781 817 786 ·
945 753 1273 834 Orniss'um
1309 755 1378 814 in
1404 753 1536 817 hoc
1573 772 1778 816 numo
1804 750 1869 823 S,
1910 748 1984 816 C.
2013 797 2033 827 ,
2083 764 2229 812 tum
2252 750 2363 813 vel

846 852 989 915 sola
1044 852 1271 933 imago
1331 862 1564 933 aperte
1615 850 2013 932 loquuntur,
2081 866 2360 909 numum

845 949 1023 1011 hunc
1077 957 1271 1008 extra
1334 945 1568 1007 urbem
1619 942 1807 1005 fuine
1860 942 2228 1027 lignatum,
2297 945 2365 1002 et'

830 1043 1122 1125 -quidem
1163 1041 1228 1100 in
1262 1040 1535 1102 colonia
1590 1039 1916 1123 quapiam
1947 1084 1967 1115 ‚
2020 1058 2239 1121 quae,
2292 1048 2365 1098 ut

849 1138 1013 1199 olim
1075 1133 1303 1196 Gades
1357 1135 1776 1219 Agrippam,
1827 1132 2174 1195 Aurelium
2239 1150 2365 1195 no-

845 1230 1043 1294 strum
1080 1240 1403 1314 parentem
1446 1229 1827 1315 agnoverit·

1601 1324 1633 1356 ἡ

1140 1420 1389 1484 DIVO.
1421 1374 2000 1503 MARCOfCaput
2026 1419 2366 1486 radiatum.

851 1515 1515 1583 CONSECRATIO.
1566 1518 1805 1602 Aquila
1830 1519 2034 1605 stans.
2082 1517 2160 1581 ln
2178 1516 2368 1581 aliist

847 1615 1001 1680 Ara
1030 1613 1351 1681 lucutenta.
1402 1615 1547 1680 AR.
1601 1613 1804 1696 (Mus.
1847 1610 2069 1693 Caes.)

1134 1709 1387 1773 DIVO.
1452 1707 1799 1771 MARCO.
1855 1707 2367 1775 ANTONINO.

1137 1807 1341 1889 caput
1370 1803 1712 1868 radiatum.
2319 1817 2330 1826 ’

845 1900 1510 1968 CONSECRATIO.
1578 1896 1818 1984 Aquila
1883 1900 2166 1983 expansis
2225 1897 2365 1963 alis.

848 2002 997 2065 AR.
1052 1995 1412 2082 (Baldinus
1443 1996 1645 2061 Tom.
1675 1998 1754 2059 11.
1798 2015 1865 2079 p.
1899 1990 2111 2077 374.)f

945 2095 1288 2175 Vtrosque
1361 2091 1489 2153 hos
1555 2107 1795 2153 numos
1878 2090 2035 2152 vilis
2084 2091 2366 2176 .argenti
2441 2111 2448 2116 ·

847 2190 1064 2254 multo
1099 2187 1302 2251 fuisse
1339 2186 1543 2250 serius
1586 2184 1914 2272 lignatoS‚
1966 2186 2364 2250 docebimus

848 2287 1014 2349 olim
1049 2286 1118 2347 in
1144 2282 1459 2347 diatriba
1515 2284 1599 2346 de
1647 2282 1869 2346 numis
1919 2280 2368 2347 consecratio·

832 2402 1029 2448 num.

1118 2576 1325 2641 Numi
1372 2573 1690 2637 commutis
1742 2572 2087 2654 peregrini.

856 2765 1133 2832 Vrbium
1180 2764 1540 2829 liberarum.

944 2862 1322 2924 Numerum
1384 2859 1452 2919 in
1507 2855 1613 2918 his
1673 2850 2074 2938 [ignatorum
2133 2852 2366 2936 ingens

750 2999 759 3010 ·
848 2955 937 3019 est
970 2956 1214 3038 copia,
1268 2952 1405 3033 qui,
1455 2951 1497 3013 fi
1537 2951 1698 3031 quid
1729 2949 2061 3011 memoria
2090 2949 2364 3032 dignum

851 3049 1185 3128 offerunt,
1239 3049 1309 3109 in
1348 3047 1465 3108 sua
1507 3046 1732 3129 [iuguli
1773 3045 2000 3129 patria
2056 3043 2365 3129 descripti

842 3145 1018 3209 fiunt.
1072 3143 1381 3207 Aliorum
1419 3141 1606 3205 sedes
1642 3142 1891 3203 natalis
1944 3141 2242 3218 incerta,
2294 3151 2369 3202 ut

852 3258 1218 3312 aeneorum
1275 3238 1332 3302 1.
1396 3249 1464 3299 et
1516 3237 1604 3301 11.
1651 3235 1961 3312 formae,
2042 3237 2157 3319 qui
2210 3236 2367 3298 hinc

842 3338 1059 3421 Caput
1085 3335 1399 3400 Antonini
1447 3334 1553 3399 Pia·
1569 3378 1589 3410 ‚
1641 3331 1827 3397 illinc
1867 3331 2114 3396 Aurelii
2156 3333 2368 3419 Caesa·

839 3437 950 3499 ‚ris
986 3429 1347 3512 exhibent,
1400 3426 1678 3513 suntque
1720 3425 1931 3490 obvii.
1996 3427 2135 3489 Alii
2173 3428 2371 3491 aenei

851 3531 907 3593 1.
943 3527 1244 3602 formae,
1295 3527 1364 3588 in
1397 3544 1683 3610 quorum
1721 3522 1955 3586 aversa
1978 3522 2374 3609 plerumque

842 3622 946 3687 -est
1004 3624 1210 3710 Caput
1271 3622 1604 3686 Ammonis
1663 3619 1907 3701 scripto
1959 3622 2155 3699 juxta
2211 3622 2370 3684 ΔΗ-

856 3720 1123 3781 MAPX.
1167 3716 1460 3783 ΕΞΟΤΕ.
1492 3716 1732 3778 addito
1787 3714 1984 3777 vario
2036 3713 2195 3778 trib.
2249 3734 2369 3800 po·

850 3809 1113 3874 testatis
1158 3828 1479 3886 numero,
1529 3810 1827 3872 incertae
1870 3811 2032 3872 item
2069 3810 2214 3874 sunt
2251 3832 2372 3896 pa·

855 3905 1055 3968 triae.
1102 3906 1356 3965 Verum
1394 3900 1516 3966 ista
1546 3922 1692 3967 non
1745 3925 2161 3989 magnopere
2220 3927 2367 3971 mo-

850 4017 1105 4062 ramur.

952 4089 1283 4157 Solertius
1309 4110 1603 4155 examen
1646 4107 1985 4158 merentur
2030 4099 2218 4159 numi
2261 4116 2366 4161 ar·

851 4190 1076 4276 gentei
1118 4187 1488 4249 drachmae
1519 4189 1820 4271 pondere
1848 4188 2365 4276 inscriptiGt-ae-

846 4305 932 4350 ce
954 4281 1204 4347 ΥΠΕΡ.
1236 4283 1536 4347 NIKHC.
1568 4283 1997 4367 PnMAmN,
2049 4298 2169 4349 aut
2199 4285 2365 4349 fimi-

912 4525 983 4588 Α)
1014 4524 1072 4572 in
1110 4517 1303 4580 Aurei,
1340 4535 1384 4572 c.
1423 4537 1475 4571 ι.
1693 4515 1763 4586 b)
1801 4517 1871 4579 1..
1906 4518 2117 4570 Lxlx.
2149 4521 2187 4588 ν5
2224 4532 2309 4580 21.

839 4612 903 4666 1>-
939 4607 1068 4660 3⁰·-
1106 4607 1153 4642 ι.

1465 551 1587 627 Μ.
1687 545 2386 626 AVRELIVS
2488 550 3321 627 ANTONINVS.

2448 751 2639 826 liter,
2694 770 2975 833 quorum
3018 752 3312 835 patriam
3364 750 3480 813 alii
3532 747 3856 816 hactenus
3899 751 3963 816 re

2449 848 2762 931 ignorare
2795 847 3078 932 professi
3127 848 3314 919 sunt,
3389 861 3507 909 aut
3552 847 3832 924 falsam,
3888 862 3966 911 ut

2451 943 2759 1017 v.detur,
2813 942 3179 1007 adfluxere.
3280 942 3532 1006 Eorum
3580 943 3810 1005 antica
3858 943 3963 1007 of-

2449 1035 2584 1098 fert
2608 1038 2719 1100 vel
2749 1050 2953 1121 caput
2998 1039 3095 1101 M.
3132 1037 3414 1114 Aurelii,
3468 1039 3579 1101 vel
3603 1036 3961 1102 Faustinae

2442 1133 2764 1214 JunioriS,
2816 1133 2926 1194 vel
2950 1132 3027 1195 L.
3051 1134 3251 1213 Veri,
3301 1133 3414 1197 vel
3445 1133 3784 1197 Lucillae:
3821 1136 3962 1197 Eos

2452 1248 2687 1291 omnes
2733 1228 3015 1314 collegi,
3086 1241 3152 1291 et
3209 1229 3556 1317 explicavi
3611 1230 3679 1292 in
3737 1231 3961 1291 numis

2450 1323 2994 1409 Mesopotamiae
3039 1324 3223 1388 urbis
3285 1326 3584 1389 incertae
3632 1324 3784 1388 Vol.
3838 1325 3959 1388 111.

2450 1438 2608 1503 pag.
2650 1438 2834 1501 520,
2887 1441 3046 1483 nam
3079 1420 3272 1501 hujus
3327 1442 3446 1485 eos
3480 1422 3605 1485 esse
3657 1420 3963 1506 regionis
4001 1483 4016 1494 ,

2453 1532 2661 1598 ορυε,
2712 1514 2832 1577 vix
2862 1535 3016 1578 reor
3059 1517 3239 1601 poll'e
3278 1517 3598 1580 dubitari.

2505 1663 2512 1668 .
2548 1610 2944 1676 Coloniarum
2972 1613 3152 1675 numi
3191 1610 3716 1696 perfrequenteS.

2547 1707 3149 1772 Alexandriniitem
3173 1707 3450 1793 copiosi,
3503 1720 3577 1772 at
3610 1711 3966 1792 parciores

2447 1801 2867 1880 Antiochem',
2920 1815 2991 1866 ut
3037 1805 3332 1866 diximus
3382 1804 3451 1867 in
3503 1818 3777 1868 moneta
3804 1804 3966 1868 An-

2446 1899 2746 1963 tiochiae
2792 1900 3057 1983 Syriae.

2551 2060 2562 2070 ’
2647 2084 3131 2158 NOMINA
3192 2109 3268 2155 ac
3338 2093 3766 2163 TJTVLJ.

2542 2280 2717 2347 Ante
2747 2282 3172 2367 adoptionem,
3199 2339 3200 2342 ,
3224 2302 3307 2348 ac
3341 2285 3628 2368 primum
3668 2297 3829 2349 nato
3866 2290 3968 2350 in-

2445 2377 2595 2444 dita
2647 2377 2838 2441 fuere
2889 2381 3170 2441 nomina
3201 2380 3402 2444 Annii
3436 2381 3592 2445 Veri
3614 2401 3656 2443 a
3687 2384 3970 2446 nomine

2444 2475 2607 2551 avi,
2662 2486 2734 2537 ut
2757 2476 2854 2537 ait
2884 2473 3347 2558 Capitolinus,
3401 2496 3788 2559 quanquam
3829 2478 3972 2541 hoc

2445 2571 2655 2632 etiarn
2714 2568 2872 2632 teste
2931 2570 3109 2632 idem
3171 2590 3442 2653 quoque
3515 2592 3762 2635 nomen
3831 2571 3974 2637 fuit

2446 2665 2652 2748 patri·
2704 2661 2770 2744 ⁸)
2867 2666 2970 2732 M.
3013 2665 3296 2730 Annium
3334 2665 3571 2731 Verum
3626 2680 3784 2731 ante
3830 2669 3970 2731 ad-

2447 2759 2797 2844 optionem
2858 2761 3067 2823 etiam
3115 2762 3422 2824 nominat
3474 2763 3633 2827 Dio.
3669 2752 3735 2846 b)
3835 2764 3973 2828 Di-

2443 2866 2628 2917 ctum
2656 2867 3011 2939 praeterea
3044 2856 3334 2921 Catilium
3372 2857 3669 2948 Severum
3715 2879 3760 2922 a
3803 2879 3968 2943 pro·

2447 2961 2584 3012 avo
2626 2963 2936 3014 materno
2986 2951 3230 3014 adserit
3267 2950 3693 3035 Capitolinus
3718 3002 3737 3031 ,
3789 2966 3857 3018 et
3891 2956 3970 3017 in

2448 3046 2721 3108 nomine
2758 3045 2989 3110 Catilii
3020 3046 3356 3130 conspirat
3391 3067 3680 3134 quoque,
3701 3050 3862 3113 Dio.
3897 3046 3968 3128 θ)

2445 3138 2601 3204 P-ost
2640 3143 2853 3225 patris
2891 3141 3219 3205 excessum
3269 3142 3488 3205 dictus
3539 3144 3626 3206 ab
3666 3144 3966 3207 Hadria·

2448 3256 2538 3299 no
2568 3232 2698 3299 fuit
2742 3235 3093 3327 Vertffimus
3130 3236 3285 3300 teste
3336 3237 3728 3322 Capitolino
3781 3237 3966 3304 binis

2447 3331 2660 3409 locis,
2715 3344 2783 3395 et
2821 3332 3260 3417 Lampridio,
3313 3324 3377 3418 ὅ)
3431 3335 3515 3396 de
3567 3353 3702 3417 quo
3739 3337 3965 3399 nomi-

2439 3447 2532 3491 ne
2577 3447 2762 3492 mox.

2547 3525 2691 3612 Post
2751 3522 3138 3608 adoptionem
3188 3521 3421 3587 omnia
3478 3526 3619 3601 ejus
3676 3525 3967 3590 nomina

2442 3618 2639 3684 fuere
2676 3642 2693 3683 z
2747 3620 2847 3684 M.
2882 3618 3102 3684 Aelius
3123 3618 3424 3684 Aurelius
3457 3619 3528 3683 V
3522 3639 3701 3696 erus,
3747 3619 3965 3684 etiam

2454 3714 2527 3782 V
2522 3717 2846 3806 mffimus,
2899 3714 3138 3799 Caesar.
3236 3714 3659 3778 Praenomen
3719 3715 3968 3793 Marci,

2446 3823 2516 3874 et
2549 3829 2791 3875 nomen
2833 3807 2989 3873 Veri
3042 3808 3156 3871 fibi
3203 3810 3466 3892 pridem
3524 3810 3736 3873 indita
3800 3812 3966 3874 reti·

2446 3909 2626 3983 nuit,
2677 3902 2850 3971 Aelii
2885 3916 2952 3966 et
2991 3902 3236 3969 Aurelii
3268 3903 3358 3967 ab
3386 3907 3727 3968 Antonino
3759 3916 3966 3988 patre

2436 4001 2779 4084 adoptivo
2809 3997 3044 4063 hausit.
3145 3999 3398 4062 Omnia
3455 4002 3626 4063 haec
3675 4000 3969 4065 nomina

2443 4096 2718 4180 collegit
2765 4097 3075 4157 marmor
3121 4093 3355 4179 paullo
3418 4107 3573 4158 ante
3629 4096 3972 4162 Antonini

2444 4203 2730 4251 mortem
2763 4188 3068 4272 politum,
3111 4201 3174 4250 et
3205 4188 3628 4274 inscriptum:
3666 4191 3760 4256 M.
3808 4192 3974 4255 AE-

2430 4282 3970 4372 ·L10.AVRELIO.VERO.CAESARE.111.⁸)

2538 4523 2586 4588 c)
2623 4522 2660 4578 l.
2697 4540 2744 4578 c.
2965 4521 3030 4591 εἱ)
3067 4526 3124 4575 in
3161 4497 3501 4586 Diadumen.
3703 4526 3758 4595 e)
3799 4523 3978 4586 Gmt.
