4242 5459
1470 577 2268 662 SALONINVS.

278 777 675 842 &utentiam
716 779 1069 871 mitigant,
1120 779 1253 846 hoc
1292 784 1567 848 nomine
1620 784 1807 849 intel·

278 872 513 958 ligitur
566 874 651 957 Q.
714 876 921 941 Iulius
985 882 1158 944 alter
1218 876 1516 944 Gallieni
1582 881 1803 960 filius,

3280 608 3426 682 4²9

1898 762 2374 850 ordinarium?
2423 782 2559 850 Sed
2617 785 2967 850 mittamus
3001 783 3195 850 haec.
3273 784 3413 871 Op-

1893 893 2103 967 ponet
2143 883 2415 965 aliquis,
2469 882 2536 944 in
2570 877 2916 946 Chronico
2943 881 3409 947 Alexandrino

277 983 513 1055 petam
554 971 720 1036 mihi
756 975 1075 1059 probari,
1127 996 1281 1038 eum
1309 989 1375 1039 et
1406 975 1804 1041 Saloninum
1894 997 2147 1041 annum
2195 976 2342 1064 post
2379 971 2709 1042 Christum
2767 980 2904 1062 265
2960 976 3199 1064 [ignari
3244 995 3408 1041 con·

272 1064 469 1128 fuiss'e
508 1067 783 1135 dictum.
874 1072 1100 1147 Novi,
1151 1068 1319 1134 istud
1370 1090 1416 1136 a
1463 1075 1800 1139 nonnullis
1891 1074 2107 1137 sulatu
2154 1077 2535 1155 Ουαληριανε
2583 1075 2869 1149 Αυγεστε
2896 1092 2964 1137 το

273 1162 435 1224 duci
476 1182 563 1225 ex
596 1168 862 1245 numis,
913 1168 1024 1232 sed
1071 1165 1489 1245 Goltzianis,
1542 1182 1687 1233 tum
1734 1180 1801 1234 et
1887 1190 1956 1234 ro
2007 1169 2317 1250 δευτερον,

271 1256 665 1337 Trebellio,
721 1281 955 1326 verum
987 1277 1134 1328 tota
1164 1264 1338 1327 haec
1375 1263 1705 1329 Trebellii
1727 1286 1797 1329 o-

267 1353 473 1416 ratio.
505 1353 682 1419 sensu
722 1372 948 1438 caret,
1002 1373 1078 1425 ut
1113 1363 1292 1425 adeo
1326 1362 1467 1442 iam
1533 1361 1795 1426 Salma-

267 1446 368 1510 fio
402 1496 422 1527 ,
472 1462 618 1514 tum
662 1464 730 1517 et
773 1454 1029 1541 Pagio‚
1082 1456 1147 1537 ἰ)
1198 1456 1475 1535 luxata,
1541 1468 1610 1519 et
1645 1477 1793 1543 ege-

262 1563 353 1605 re
385 1562 519 1630 ope
560 1549 835 1612 medica
875 1552 1019 1615 visa
1048 1552 1272 1616 fuerit.
1345 1555 1569 1635 Atque
1616 1553 1791 1618 haee

262 1641 411 1719 ejus
447 1640 829 1708 testimonia
891 1660 1483 1730 quantumcunque
1550 1647 1790 1711 imbel-

258 1733 364 1797 lia
400 1747 471 1799 et
513 1734 740 1802 sutilia
771 1788 791 1818 ,
844 1744 1048 1805 unica
1080 1754 1311 1806 tamen
1348 1742 1492 1829 sunt
1518 1787 1538 1818 ,
1611 1762 1811 1829 quae,

254 1830 707 1897 Valerianum
777 1836 1141 1922 Augustum
1213 1835 1654 1923 profitentur,
1721 1850 1790 1903 et

253 1924 631 1994 hoc‘unico
667 1944 946 1996 auctore
980 1935 1131 1997 nixi
1149 1934 1543 2018 antiquarii,
1585 1954 1788 2017 quem

251 2023 528 2108 pridem
575 2026 825 2113 Pagius
861 2028 1117 2113 ipsam,
1171 2049 1377 2111 quam
1416 2029 1785 2114 scripserat,

248 2115 604 2184 historiam
641 2124 971 2208 ignorasse
1011 2125 1268 2210 arguit,
1339 2126 1425 2188 de
1481 2143 1618 2208 quo
1673 2147 1786 2188 ex-

251 2209 386 2277 stat
428 2216 723 2300 ipsorum
802 2233 1108 2285 veterum
1172 2220 1552 2298 judicium,
1632 2239 1784 2283 eum

246 2307 450 2376 multa
485 2315 785 2404 incuties?
820 2315 1155 2404 prodidiffe
1175 2304 1240 2401 ¹³)
1292 2327 1360 2379 et
1394 2317 1509 2399 qui
1549 2316 1783 2402 palam

244 2405 563 2490 profiteri
604 2429 739 2474 non
785 2412 1167 2492 dubitavit,
1219 2412 1283 2475 se
1361 2412 1489 2475 hos
1536 2413 1621 2474 de
1677 2413 1783 2475 vii

244 2514 332 2564 ta
376 2505 759 2593 principum
799 2507 1070 2571 libellos
1122 2526 1258 2572 non
1305 2507 1618 2584 scribere,
1667 2507 1779 2572 sed

246 2588 563 2679 dictare,
615 2615 683 2667 et
714 2604 1003 2667 dictare
1013 2623 1166 2667 oum
1202 2623 1286 2667 ea
1327 2601 1777 2681 festinatione,

245 2705 331 2756 ut
372 2696 739 2781 respirandi
786 2712 927 2763 non
958 2700 1212 2764 habeat
1248 2694 1672 2782 facultatem,
1707 2698 1771 2783 ⁰)

245 2787 428 2872 hoc,
481 2797 805 2879 inquam,
875 2798 1015 2858 nixi
1083 2809 1361 2859 auctore
1393 2796 1778 2878 tacentibus

244 2882 584 2952 historicis
620 2891 898 2974 reliquis
933 2910 1068 2954 non
1113 2891 1518 2957 dubitabant
1556 2896 1777 2977 Augu-

248 2976 419 3044 stum
461 2986 912 3069 proclamare.

350 3078 438 3143 Il
489 3082 691 3166 Fasti.-
739 3086 850 3148 Ad
892 3082 1020 3146 bos
1050 3130 1069 3162 ,
1117 3097 1192 3147 ut
1233 3081 1566 3161 diximus,
1617 3100 1772 3167 prm

238 3186 461 3237 vocat
490 3174 897 3254 Trebellius,
950 3188 1102 3242 cum
1130 3180 1200 3241 in
1232 3180 1317 3242 iis
1344 3179 1593 3262 legeret
1616 3183 1767 3240 VA-

236 3266 678 3337 LERIANO.
698 3268 1322 3340 IMPERATORE.
1349 3273 1542 3339 Cos,
1573 3274 1766 3357 Quos

234 3362 457 3427 fastos
502 3365 591 3428 ob
627 3370 865 3431 oculos
890 3370 1231 3448 habuerit,
1287 3370 1554 3444 nescio;
1592 3388 1765 3452 quos

232 3459 455 3524 hodie
491 3459 857 3548 superstites
887 3465 1259 3544 habemus,
1312 3465 1487 3528 hanc
1512 3466 1761 3529 formu*-

232 3555 764 3642 lamignorant,
818 3572 1033 3645 neque
1072 3562 1277 3626 solum
1320 3563 1386 3624 in
1422 3562 1554 3625 hoc
1579 3611 1596 3639 ,
1652 3563 1758 3625 sed

232 3651 313 3713 in
351 3655 666 3718 omnibus
708 3669 889 3720 retro
947 3658 1495 3742 imperatoribus,
1577 3658 1761 3740 Quid

230 3750 422 3832 quod
446 3749 619 3815 baec
656 3750 980 3830 formula,
1036 3754 1271 3819 saltem
1309 3766 1382 3815 ut
1413 3773 1564 3816 eam
1604 3768 1762 3839 prou

226 3846 455 3928 ponit,
497 3860 731 3932 aperte
762 3846 965 3916 fallit.
1016 3852 1345 3913 Additum
1383 3848 1576 3914 CO&
1619 3848 1759 3911 fim-

214 3938 396 4024 plex
415 3955 651 4005 notare
672 3943 1162 4010 consulatuml.
1147 3993 1201 4023 .,
1252 3965 1454 4008 nemo
1475 3948 1619 4023 erit,
1642 3945 1757 4027 qui

218 4034 559 4121 ambigat.
613 4040 962 4104 Valeriani
1018 4039 1212 4105 nostri
1246 4041 1659 4105 consulatum
1703 4041 1756 4113 1

3005 1077 3104 1151 Δ,
3155 1073 3227 1136 id
3276 1070 3404 1137 est:

2366 1172 2629 1245 ita-unu,
2681 1180 2750 1231 et
2790 1167 3085 1247 constat,
3153 1169 3401 1232 eodem

1884 1264 2019 1329 hoc
2056 1284 2237 1329 anno
2255 1265 2694 1343 Valerianum
2726 1262 3014 1328 nostrum
3056 1264 3404 1350 processis-

1883 1360 1951 1423 se
1989 1362 2330 1426 consulem
2373 1363 2643 1425 iterum.
2693 1363 2787 1423 At
2820 1361 2968 1443 quis
3014 1381 3148 1426 non
3185 1360 3417 1437 videt,

1882 1454 2272 1521 chronicon
2333 1454 2541 1532 iliud,
2594 1466 2669 1517 ut
2729 1457 2964 1520 omnia
3017 1457 3122 1521 sus
3180 1457 3402 1539 deque

1880 1553 2153 1630 miscet,
2204 1553 2304 1614 ita
2332 1564 2401 1614 et
2422 1550 2558 1614 hoc
2587 1550 2744 1614 loco
2767 1552 3402 1636 parachronismum

1878 1649 2244 1711 admittere
2298 1648 2364 1710 se
2426 1647 2699 1733 dignum
2727 1694 2748 1723 ,
2823 1668 2983 1712 nam
3068 1648 3401 1715 Valeriani

1876 1743 2149 1834 Augusta
2200 1743 2476 1807 nomine
2517 1762 2655 1806 non
2707 1743 3022 1829 intelligit
3060 1744 3400 1827 juniorem

1872 1838 2211 1918 nostrum,
2280 1838 2389 1903 sed
2463 1837 2787 1903 seniorem
2854 1841 3050 1921 hujus
3103 1852 3393 1927 patrem.

1874 1933 2192 1998 Ceterum
2227 1934 2460 1997 mirari
2480 1934 2679 2012 subit,
2729 1934 3149 1999 Trebellium
3169 1974 3206 2014 ,-
3239 1952 3394 2011 cum

1873 2031 2316 2093 Valerianum
2384 2030 2681 2114 probare
2742 2028 3108 2115 Augustum
3167 2032 3396 2115 cupit,

1873 2125 2132 2188 nullum
2186 2122 2496 2210 proferre
2562 2137 3117 2205 monumentum,
3205 2127 3393 2210 quod

1874 2238 2028 2282 eum
2082 2234 2327 2282 revera
2398 2217 2758 2283 Caesarem
2824 2219 2940 2283 vel
3025 2219 3392 2306 Augustum

1870 2316 2083 2392 dicat,
2134 2315 2296 2377 dum
2332 2316 2599 2392 omnia,
2653 2336 2830 2400 quae
2863 2314 3113 2392 adfert,
3165 2315 3388 2379 exclu-

1869 2408 1937 2473 l'o
1972 2410 2219 2495 quovis
2278 2410 2417 2475 alio
2463 2410 2666 2475 titulo
2703 2429 2858 2474 eum
2894 2412 3386 2497 imperatorem

1865 2517 2129 2569 tantum
2169 2505 2452 2571 faciunt.
2522 2507 2728 2589 Quod
2764 2504 2806 2568 si
2852 2509 3061 2571 etiam
3102 2509 3383 2583 demus,

1865 2621 2002 2665 non
2050 2601 2242 2665 fuiss'e
2294 2604 2656 2690 deceptum
2709 2602 3129 2666 Trebellium
3164 2604 3385 2689 legen-

1865 2698 1971 2761 dis
2010 2698 2114 2761 his
2141 2699 2699 2782 epigrammatis,
2750 2710 2990 2763 tamen·
3013 2697 3381 2784 probatum

1860 2796 2165 2859 nondum
2232 2792 2363 2871 est,
2453 2795 2895 2859 Valerianum
2970 2807 3378 2881 propterea,

1862 2890 2049 2972 quod
2113 2892 2491 2975 imperator
2556 2890 2954 2970 dicebatur,
3017 2889 3207 2954 fuiss'e
3261 2904 3378 2954 aut

1862 2983 2267 3064 Caesarem,
2360 3000 2478 3050 aut
2549 2985 2936 3072 Augustum.
3066 2989 3378 3051 Vidimus

1858 3079 2161 3147 diatriba·
2201 3083 2577 3167 superiore,
2629 3083 3024 3146 Saloninum
3073 3096 3141 3147 et
3188 3081 3379 3146 Cari·

1855 3195 2019 3239 num
2068 3198 2223 3241 cum
2260 3176 2520 3256 fratre,
2573 3175 2782 3242 etiam
2840 3199 2993 3241 cum
3053 3177 3375 3241 Caesares

1853 3282 2115 3335 tantum
2150 3273 2390 3350 esseut,
2442 3274 2662 3337 dictos
2715 3285 2945 3337 tamen
3003 3273 3373 3358 imperato-

1854 3383 2000 3440 res.;
2055 3380 2327 3452 poterat
2368 3386 2529 3452 ergo
2573 3380 2642 3432 et
2681 3367 3132 3444 Valerianus,
3186 3378 3258 3428 ut
3302 3385 3374 3429 o-

1852 3459 1969 3523 lim
2007 3463 2268 3526 Drusus
2298 3463 2514 3526 senior
2570 3463 2707 3527 dici
2767 3465 3143 3551 imperator
3170 3461 3371 3524 titulo

1850 3575 2095 3643 nempe
2130 3558 2446 3633 militari,
2501 3557 2608 3619 etsi
2646 3576 2860 3641 neque
2895 3555 3143 3620 Caesar
3187 3554 3367 3634 e'ss'et,

1848 3664 2067 3736 neque
2120 3652 2469 3738 Augustus.
2560 3654 2778 3730 Vide,
2851 3672 3028 3737 quae
3090 3653 3177 3715 de
3236 3651 3368 3715 hoc

1849 3761 2247 3835 argumento
2269 3752 2338 3812 in
2369 3748 2655 3812 laudata
2686 3748 2985 3812 diatriba
3013 3749 3102 3811 ad
3136 3768 3363 3811 nume=

1845 3861 1993 3908 rum
2045 3845 2161 3910 v1.
2197 3844 2395 3929 plura
2440 3846 3005 3909 commemoravi.

1943 3941 2065 4005 111.
2116 3942 2484 4009 Marmor-a.
2550 3942 2881 4017 Vnicum,
2942 3940 3133 4023 quod
3182 3939 3368 4022 equi

1846 4038 2000 4101 dem
2045 4040 2312 4118 norim,
2353 4056 2663 4102 marmor
2697 4035 2968 4113 exstat,
3004 4037 3190 4120 quod
3233 4037 3362 4099 Va

216 4127 421 4192 fuiss'e
461 4132 850 4221 suffectum,
904 4138 1151 4201 docent
1175 4136 1346 4204 fasti.
1403 4142 1504 4200 An
1550 4136 1755 4200 habe·
1840 4135 2174 4197 lerianum
2201 4131 2490 4197 nostrum
2523 4134 2793 4218 prodat.
2835 4130 2942 4195 Est
2977 4133 3163 4216 apud
3195 4129 3364 4193 Gru

212 4242 381 4288 mus
423 4229 647 4293 adhuc
683 4234 1110 4317 exemplum,
1160 4235 1311 4311 itti,
1365 4236 1481 4319 qui
1530 4238 1753 4318 Augu
1837 4242 2055 4295 terum
2105 4220 2178 4318 ¹³)
2230 4242 2295 4293 et
2356 4229 2619 4315 insignis
2678 4230 2831 4293 sane
2894 4227 3365 4297 auctoritatis,

210 4319 357 4384 llus
387 4318 559 4401 fuit,
612 4328 915 4392 delatum
949 4328 1138 4392 fuisse
1174 4322 1568 4406 suffectum,
1622 4348 1755 4391 non
1836 4346 1994 4390 nam
2026 4325 2338 4391 inhaeret
2385 4329 2577 4390 arcui
2623 4337 2868 4415 portae
2909 4323 3092 4387 urbis
3143 4325 3363 4383 Vero-

282 4560 348 4620 ι)
386 4558 517 4618 Crit.
558 4559 685 4614 Bar.
724 4561 801 4617 ad
836 4566 929 4624 V.
997 4562 1065 4628 C.
1107 4584 1196 4624 101
1203 4582 1252 4633 3·
1300 4564 1330 4632 5
1364 4580 1417 4632 3
2741 4568 2796 4633 e)
2827 4580 2903 4650 ιιειΟ
2927 4559 3149 4615 Οειιὼῐ
3153 4568 3226 4610 no
3263 4561 3347 4627 tyr
3345 4590 3362 4605 ,

1592 4563 1653 4633 b)
1693 4563 1962 4639 Vopiscus
1996 4567 2055 4619 in
2092 4565 2398 4623 Aureliano
2430 4586 2482 4621 e·
2519 4582 2574 4627 2.

188 4623 702 4698 d)1³⁸g.2⁶6.2
2533 4682 2542 4688 .
