4242 5459
822 573 977 647 138,
1406 599 1414 606 .
2112 516 2770 620 calstA.

798 768 919 815 ‘ea
970 748 1162 814 illum
1218 749 1612 812 decoratum
1670 749 1804 825 jam
1842 737 2034 805 fuiss'e
2082 740 2363 809 constat.
2444 764 2584 828 quo
2623 741 2935 808 Aurelius
2979 739 3198 807 dictus
3238 738 3327 808 est
3365 741 3550 808 IMP.
3595 740 3709 807 lx.
3740 792 3758 819 ,
3808 761 3965 826 erat
4015 755 4022 764 ·

837 846 1154 911 Ceterum
1192 844 1477 908 observo
1514 889 1533 917 ‚
1585 842 1849 904 tamdiu
1904 835 2362 902 Commodum
2448 840 2868 904 Commodus
2905 837 3094 902 IMP.
3143 838 3268 918 11„
3322 860 3458 923 quo
3503 852 3814 924 tempore
3851 845 3968 905 ille

836 942 1273 1028 imperatoris
1321 937 1589 1001 titulum
1640 933 1839 998 instar
1896 934 2362 1018 praenominis
2446 937 2634 999 IMP.
2670 937 2790 1011 X„
2842 934 2955 998 hic
2992 934 3367 1019 imperator
3398 937 3518 1000 111.
3548 982 3566 1013 ‚
3623 951 3694 998 ut
3743 942 3968 1014 numi,

838 1036 1255 1116 adhibuiss'e‚
1308 1034 1466 1095 dum
1512 1034 1888 1116 imperator
1932 1050 2017 1092 ex
2051 1030 2360 1093 victoriis
2447 1031 2556 1095 sed
2611 1030 2947 1118 probatae
2982 1028 3183 1109 fidei,
3236 1044 3303 1094 et
3336 1037 3486 1095 non‘
3508 1030 3970 1116 perfunctorie

835 1134 1206 1207 diceretur,
1261 1130 1445 1213 quod
1511 1127 1660 1191 fere
1708 1125 2099 1214 observavit
2152 1127 2361 1190 etiam
2446 1127 2755 1212 descripti
2774 1121 3408 1193 manifessedocent.
3459 1127 3967 1207 Tillemontius,

832 1238 1031 1313 pater
1074 1225 1374 1288 Marcus.
1430 1224 1777 1308 Deinceps
1816 1219 2153 1285 rarissime
2178 1220 2362 1286 hunc
2445 1224 2771 1309 quoniam
2802 1222 3290 1303 Mediobarbo,
3344 1226 3623 1309 ejusque
3662 1219 3968 1289 monstris

829 1322 1164 1387 honorem
1207 1319 1529 1407 praefixit
1563 1318 2012 1383 Commodus.
2445 1318 2653 1384 fidem
2696 1317 2979 1397 habuit,
3045 1320 3311 1402 laqueis
3361 1320 3423 1384 se
3479 1323 3784 1406 ‚undique
3838 1323 3974 1384 im.

1208 1456 1219 1460 -
1407 1471 1440 1504 n
1586 1417 1617 1448 ⁸
1765 1458 1801 1498 ⁸
2444 1413 2773 1500 plicatum
2808 1416 3021 1496 vidit,
3072 1422 3132 1495 ⁸)
3185 1437 3358 1503 quos
3395 1416 3699 1495 vitass‘et‚
3755 1417 3801 1482 fi
3846 1417 3967 1481 mi·

832 1521 1200 1604 Imperator
1245 1533 1326 1579 ex
1356 1512 1679 1579 victoriis·
2448 1528 2574 1575 nus
2616 1511 2947 1576 habuiss'et
2989 1512 3314 1598 obsequii.
3407 1514 3604 1578 Adde
3640 1515 3968 1600 Pagium,

936 1613 1111 1678 Cum
1146 1611 1441 1697 primum
1476 1606 1751 1696 Augusti
1784 1605 2053 1672 titulum
2087 1623 2244 1673 cum
2281 1603 2363 1671 fi·
2449 1607 2568 1691 qui
2601 1605 2718 1669 suo
2758 1610 2921 1674 item
2963 1609 3422 1676 Mediobarbo
3486 1611 3680 1674 nixus
3732 1610 3969 1674 omnia

836 1713 946 1777 lio
977 1706 1512 1776 communicavit
1547 1706 1872 1784 Marcus,
1940 1704 2230 1768 eundem
2295 1725 2360 1767 e·
2448 1705 2850 1790 corrumpit.
2899 1693 2969 1787 1’)
3025 1705 3291 1788 Quibus
3331 1709 3565 1785 annis,
3617 1705 3683 1768 et
3721 1706 3970 1790 quibus

841 1809 1012 1872 tiam
1056 1802 1280 1866 laudis
1313 1800 1605 1865 bellicae
1644 1821 1691 1866 a
1743 1802 2051 1864 victoriis
2101 1800 2361 1863 relatae
2451 1818 2538 1862 ex
2572 1800 2882 1863 victoriis
2950 1802 3301 1866 iteraverit
3354 1804 3531 1866 hunc
3571 1801 3865 1887 titulum,
3899 1801 3968 1864 in

834 1900 1247 1990 participem
1264 1897 1452 1968 fecit.
1491 1895 1720 1981 Quare
1753 1898 1995 1964 eodem
2024 1907 2360 1981 tempore,
2449 1894 2809 1962 annalibus
2841 1894 3162 1983 digestum
3209 1899 3530 1985 reperies.

2131 2184 2344 2255 PRE
2360 2186 2477 2254 TI
2496 2183 2570 2254 V
2575 2182 2680 2253 M·

836 2384 1177 2454 Commatis
1225 2382 1537 2453 Romni:

1033 2483 1245 2552 Aurei
1536 2518 1575 2535 -
1771 2513 1798 2530 ·
1992 2514 2019 2530 -
2214 2514 2243 2530 -
2291 2523 2302 2534 -
2447 2513 2471 2531 ·
2663 2505 2693 2530 ⁸·
2889 2512 2913 2529 ·
3114 2511 3139 2532 ·
3209 2521 3214 2532 ·
3334 2513 3361 2530 ·
3553 2477 3765 2546 RRR.

970 2607 975 2612 ·
1032 2579 1243 2643 Aurei
1291 2596 1478 2642 max·
1530 2574 1723 2641 mod.
1981 2609 2006 2626 -
2107 2567 2114 2574 ’
2203 2607 2231 2624 -
2423 2607 2450 2624 ·
2642 2607 2667 2624 ·
2866 2606 2892 2623 ·
3087 2608 3112 2624 ·
3308 2614 3333 2628 ·
3526 2574 3807 2652 RRRR,

886 2701 893 2708 ·
930 2674 1034 2762 Dp
1087 2677 1294 2739 numis
1326 2672 1643 2740 Commodi
1690 2669 1905 2734 aureis
1938 2665 2082 2735 vide
2099 2667 2473 2764 fimo-atum
2506 2664 2841 2735 articulum
2855 2666 3061 2755 supra
3087 2688 3247 2758 pag.
3309 2692 3335 2734 r
3347 2691 3463 2757 33.

1032 2774 1133 2833 Ar
1180 2769 1358 2833 entei
1754 2799 1780 2814 —
2195 2800 2220 2816 ·
2874 2799 2900 2816 ·
3545 2765 3624 2834 C.

1030 2790 1251 2924 Aeiei
1302 2882 1488 2927 max.
1537 2858 1727 2923 mod.
1961 2856 2029 2915 ι’
2195 2874 2224 2935 3·
2419 2894 2446 2911 ·
2642 2898 2668 2916 -
2863 2893 2895 2918 ω
3089 2902 3115 2916 -
3309 2902 3335 2921 -
3526 2865 3669 2928 RR.

1029 2956 1251 3020 Aenei
1300 2955 1355 3016 Ι.
1407 2965 1475 3016 et
1524 2953 1611 3016 11.
1664 2951 1932 3019 formae
2206 2992 2233 3008 -
2432 2992 2458 3009 -
2657 2991 2680 3011 .
2879 2996 2904 3010 .
3102 2998 3125 3012 .
3321 2998 3348 3015 .
3539 2956 3617 3022 c,

856 3109 865 3118 .
1029 3053 1247 3114 Aenei
1296 3048 1421 3115 111.
1475 3047 1743 3112 formae
3531 3055 3614 3120 ο.

839 3149 1178 3217 comantis
1215 3147 1545 3234 peregrim·
1590 3170 1615 3210 .-
1776 3159 1781 3166 ·

1032 3247 1358 3331 Argentei
1427 3240 1697 3305 urbium
1770 3239 2191 3311 Graecarum
2388 3255 2423 3296 ³
2617 3255 2646 3296 2·
2859 3255 2892 3294 ’ῑ
3085 3255 3118 3296 ῑ
3315 3288 3344 3302 -
3538 3248 3687 3313 RR.

1041 3342 1255 3408 Aeuei
1296 3339 1476 3406 varii
1524 3338 1787 3403 moduli
1952 3377 1976 3390 ·
2177 3379 2207 3419 ·.
2397 3351 2438 3416 ς
3535 3344 3611 3409 C,

1046 3436 1491 3504 Coloniarum
3535 3440 3609 3506 c,

1041 3533 1490 3602 Alexandrini
1759 3569 1791 3584 -
1986 3569 2010 3583 ·
2208 3566 2233 3585 ο
2429 3570 2455 3583 -
2650 3563 2678 3584 ·
2876 3566 2904 3585 -
3096 3570 3122 3587 -
3322 3574 3348 3589 -
3544 3534 3622 3600 C.

1989 3818 2807 3931 calamna.

934 4012 1175 4079 Brutia
1218 4007 1523 4097 Crispina
1556 4009 1774 4074 Brutii
1810 4008 2186 4078 Praesentis
2222 4012 2369 4079 filia
2446 4011 2614 4100 pulo
2645 4008 3021 4096 congiario.
3072 4008 3135 4096 ‘)
3217 4014 3505 4082 Factum
3552 4013 3720 4082 istud
3777 4038 3981 4087 anuo

834 4122 1077 4200 agente
1115 4110 1209 4172 M.
1230 4106 1506 4172 Aurelio
1533 4108 1968 4173 matrimonio
1986 4129 2137 4173 cum
2164 4107 2364 4173 Com·
2449 4113 2532 4173 V.
2572 4105 2649 4171 C.
2693 4126 2833 4189 930
2859 4154 2879 4184 ,
2935 4107 3190 4175 docent
3223 4115 3409 4176 numi
3463 4113 3856 4195 Commodi,
3905 4131 3984 4185 et

832 4208 1045 4274 modo
1080 4210 1313 4287 juncta
1338 4201 1426 4266 est
1459 4203 1820 4269 celebratis
1862 4207 2113 4291 nuptiis
2137 4224 2362 4266 exem·
2447 4202 2607 4266 Dio.
2644 4192 2700 4281 ἃ)
2751 4202 3256 4289 Deprehensam
3285 4210 3353 4271 in
3387 4211 3721 4276 adulterio
3753 4209 3978 4278 Com·

832 4305 952 4390 plo
974 4293 1418 4388 ⁴privatorum
1442 4344 1463 4376 ‚
1516 4312 1584 4362 et
1618 4300 1784 4366 dato
1825 4303 1968 4382 ejus
2005 4300 2209 4364 causa
2241 4319 2362 4384 po·
2447 4298 2693 4363 modus
2716 4300 3013 4384 primum
3035 4303 3300 4388 palatio
3321 4306 3660 4387 exturbat,
3712 4307 3982 4376 deinde

833 4463 3970 4499 —-—————————-————————————————--—-

905 4544 966 4602 a)
1004 4542 1063 4592 iu
1096 4537 1323 4590 Aurelio
1358 4547 1495 4591 nota
1529 4533 1662 4592 XX.
1800 4531 1865 4600 b)
1906 4534 2037 4593 Crit.
2075 4531 2286 4588 Barou-
2327 4535 2405 4592 ad
2439 4551 2576 4602 ann,
2619 4534 2749 4596 chr.
2788 4555 2888 4612 175
2932 4551 2984 4595 et
3019 4539 3156 4597 alibi
3187 4541 3412 4618 passim,
3567 4547 3620 4616 c)
3652 4545 3977 4619 Capitoli..

826 4610 891 4664 in
924 4608 1012 4665 M.
1047 4606 1235 4665 autel.
1267 4623 1317 4663 c.
1354 4615 1440 4669 28.
1646 4601 1709 4675 d)
1744 4602 1815 4667 L.
1850 4603 2061 4661 LXXI.
2096 4620 2144 4660 c.
2178 4619 2270 4675 33.
3247 4603 3266 4642 5
3731 4631 3740 4638 .
