4242 5459
1147 513 1805 652 ALEXAND
1849 571 2015 648 ER
2118 525 2741 652 SEVERVS.

377 802 527 848 eum
564 798 743 845 anno
771 774 987 854 CMB,
1044 789 1206 855 242,
1260 796 1458 860 quem
1490 775 1666 838 adeo
1701 772 1908 858 ligna·

375 894 515 943 tum
543 876 844 962 oportuit
873 872 961 936 ab
994 886 1273 936 autumo
1308 875 1390 933 V.
1431 870 1510 937 C.
1557 882 1695 954 988
1719 916 1738 946 ‚
1789 890 1905 933 ve-

376 996 525 1039 rum
589 975 704 1057 qui
786 969 996 1045 istud,
1051 969 1091 1031 li
1152 971 1532 1044 Mamaea,
1594 965 1906 1047 filiusque

377 1076 512 1150 jam
557 1073 625 1133 in
669 1070 925 1133 Martio
963 1069 1106 1146 ejus
1146 1066 1306 1128 anni
1354 1083 1477 1149 per
1518 1064 1656 1126 vim
1702 1081 1909 1125 occu·

376 1167 631 1232 buere?
707 1165 889 1247 Ergo
944 1181 1081 1244 quo
1157 1174 1466 1246 tempore
1553 1159 1705 1221 iniit
1780 1177 1907 1220 an-

377 1284 503 1327 nus
557 1274 695 1337 242
759 1260 1270 1336 Amisenorum,
1350 1253 1741 1318 Alexander
1791 1263 1911 1316 aut

307 1391 318 1400 ·
379 1360 557 1422 vixit
596 1356 845 1433 adhuc,
899 1367 1019 1418 aut
1042 1356 1184 1438 ejus
1213 1355 1346 1420 illis
1381 1371 1565 1416 mors
1609 1351 1909 1413 nondam

379 1454 729 1518 intellecta
760 1450 914 1514 fuit.

481 1553 734 1613 Verum
780 1547 1104 1611 adversus
1156 1546 1333 1610 hanc
1383 1516 1598 1629 usque
1653 1543 1723 1607 in
1791 1563 1916 1608 au-

376 1660 685 1710 tumnum
705 1663 973 1706 moram
1011 1643 1285 1727 insurgit
1323 1649 1672 1727 Aegyptus
1700 1638 1914 1705 oflen-

378 1743 542 1808 tatis
581 1739 711 1803 suis
748 1755 898 1802 cum
935 1739 1354 1814 Alexandri,
1400 1751 1544 1802 tum
1586 1738 1910 1802 Maximi-

379 1838 725 1911 urnumis.
779 1836 883 1899 Ad
917 1836 1380 1899 Alexandrum
1420 1835 1601 1920 quod
1644 1836 1912 1916 attinet,

379 1936 424 1999 li
485 1935 542 1997 is
596 1944 883 1994 exeunte
945 1930 1172 1995 adhuc
1231 1930 1520 2016 Augusto
1585 1929 1908 2017 superstes

380 2031 548 2107 fuit,
603 2039 953 2113 oporteret
976 2026 1426 2109 existere·ejus
1451 2047 1695 2089 numos
1725 2047 1908 2091 com·

378 2127 583 2194 matis
609 2125 1049 2189 Alexandrini
1074 2125 1424 2210 inscriptos
1463 2125 1541 2189 L.
1579 2122 1688 2190 le.
1724 2123 1905 2186 Nam

381 2223 739 2288 secundum
803 2222 1147 2305 cognitum
1203 2220 1696 2307 Aegyptiorum
1766 2218 1905 2282 cal-

380 2320 602 2386 culum
646 2338 827 2381 anno
883 2320 965 2383 V.
1026 2315 1105 2381 C.
1169 2328 1352 2397 988,
1397 2334 1538 2399 quo
1593 2307 1909 2380 ‘mortuus

387 2413 475 2482 est
506 2411 933 2495 Alexander,
984 2411 1205 2477 valuit
1265 2431 1481 2479 annus
1541 2413 1626 2476 ῙΔ
1696 2430 1910 2494 usque

381 2515 471 2580 ad
506 2515 683 2578 diem
710 2511 955 2577 XXIX.
979 2506 1278 2594 Augusti,
1327 2529 1461 2593 quo
1490 2508 1911 2577 dieinivilfet

381 2629 595 2677 annus
629 2608 1010 2672 Alexandri
1045 2604 1183 2681 ΙΕ.,
1231 2604 1341 2668 sed
1378 2624 1578 2688 quem
1612 2606 1678 2667 in
1718 2604 1904 2667 nullo

383 2707 608 2772 adhuc
648 2704 969 2789 catalogo
1013 2701 1277 2787 reperi,
1348 2721 1527 2764 anno
1569 2697 1907 2786 postremo

379 2818 524 2869 tam
579 2803 649 2864 in
729 2802 956 2864 numis
1010 2798 1425 2875 Alexandri,
1490 2817 1695 2882 quam
1755 2797 1907 2860 Ma·

383 2921 624 2966 macae
666 2897 1042 2962 constanter
1091 2898 1179 2960 ΙΔ
1219 2906 1488 2964 notato.
1561 2896 1652 2957 At
1685 2895 1907 2956 minus

352 2998 616 3062 'valeat
665 2992 831 3058 istud
870 3004 1378 3080 argumentum,
1437 3010 1589 3054 cum
1634 2991 1906 3066 evenire

317 3085 328 3092 “
376 3094 587 3159 facile
651 3091 861 3177 possit
890 3138 911 3169 ,
961 3101 1038 3152 ut
1091 3087 1465 3169 aliquando
1535 3083 1626 3149 ex
1677 3099 1902 3149 terrae

381 3191 560 3268 smu,
613 3200 735 3253 aut
781 3188 1007 3256 museo
1068 3185 1298 3249 adhuc
1332 3183 1567 3268 ignoto
1629 3192 1905 3245 eruatur

380 3305 630 3352 numus
691 3303 864 3346 anno
921 3283 999 3347 ΙΕ
1043 3280 1333 3366 insignia.
1405 3282 1648 3343 Acrius
1709 3297 1903 3361 urge-

377 3382 558 3448 bunt
590 3380 771 3443 numi
812 3379 1175 3444 Maximini
1219 3375 1517 3461 inscripti
1560 3374 1643 3439 L.
1691 3378 1772 3437 A.
1831 3375 1903 3435 B.

377 3483 459 3545 Γ.
496 3483 575 3543 Δ.
631 3476 740 3540 Ex
771 3475 873 3539 his
910 3473 1161 3546 necesse
1201 3470 1292 3535 est
1319 3519 1340 3550 ,
1396 3490 1637 3534 numos
1690 3469 1780 3531 L.
1815 3470 1907 3533 A.

378 3575 674 3660 Egnatos
710 3569 897 3635 fuiss‘e
936 3570 1049 3634 vel
1094 3584 1252 3633 ante
1286 3563 1465 3633 diem
1511 3568 1907 3631 §ommiu-

378 3670 542 3762 gusti
589 3673 671 3734 V.
707 3667 787 3732 C.
825 3680 1006 3752 988,
1056 3667 1172 3730 vel
1209 3663 1378 3752 post.
1446 3663 1616 3729 Istud
1659 3660 1909 3748 postre-

377 3788 564 3832 mum
603 3778 781 3830 certe
825 3766 959 3827 dici
1024 3767 1294 3847 nequit3
1379 3781 1539 3826 nam
1579 3772 1726 3822 tum
1797 3767 1908 3821 ne'·

385 3885 514 3949 que
561 3883 688 3950 pro
735 3881 913 3924 anno
961 3860 1328 3923 Maximini
1365 3861 1462 3934 Γ,
1518 3855 1730 3919 multo
1786 3855 1907 3918 mi-

383 3979 511 4021 nus
549 3979 672 4044 pro
724 3977 906 4021 anno
952 3958 1006 4021 Δ
1056 3956 1279 4020 locum
1330 3955 1788 4041 reperiemus,
1837 3964 1910 4015 ut

379 4056 647 4144 patebit
689 4058 755 4117 in
792 4065 1068 4117 moneta
1115 4052 1501 4115 Maximini.
1573 4050 1750 4134 Ergo
1800 4070 1911 4113 ne-

3347 599 3482 673 283

1990 774 2124 838 hoc
2177 777 2593 859 imperatore
2657 774 2787 838 hac
2843 775 2953 837 die
3005 774 3251 839 facta?
3306 767 3511 856 Ello,

1988 870 2460 933 Alexandrum
2502 891 2636 934 uno
2670 872 2975 934 alterove
2994 871 3135 956 post
3158 873 3335 938 hanc
3366 874 3513 937 sub·

1992 967 2423 1052 scriptionem
2482 969 2594 1029 die
2636 966 2919 1030 caesum.
2993 972 3097 1030 An
3137 970 3523 1047 verisimile,
3616 1043 3628 1050 .

1993 1052 2278 1149 potuisse
2334 1064 2649 1126 nuncium
2698 1063 2977 1140 caediS,
3026 1075 3092 1127 et
3158 1065 3375 1130 evecti
3426 1069 3517 1129 ad

1989 1160 2350 1244 imperium
2399 1160 2802 1236 Maximini,
2856 1162 3130 1245 ejusque
3190 1182 3233 1223 a
3284 1163 3535 1225 senatu*

1993 1253 2377 1318 confirmati
2402 1256 2579 1318 intra
2605 1257 2754 1320 xn.
2794 1257 3062 1319 circiter
3084 1256 3345 1320 dierum
3373 1258 3514 1342 spa-

1990 1352 2160 1413 tium
2196 1349 2286 1414 ab
2316 1351 2558 1415 ultimo
2604 1354 2847 1416 Rheno
2882 1354 2971 1417 ad
3036 1353 3264 1417 Nilum
3304 1373 3516 1437 usque

1993 1448 2350 1533 pervenire
2379 1495 2398 1526 ,
2452 1448 2516 1510 ei
2545 1469 2712 1513 mox
2745 1449 2834 1513 ab
2873 1448 3351 1514 Alexandrinis
3392 1449 3520 1512 ha..

2000 1542 2143 1607 beri
2183 1542 2415 1623 fidem,
2480 1558 2548 1607 et
2583 1546 2808 1610 adhuc
2845 1544 3085 1633 signari
3124 1566 3369 1612 numos
3421 1548 3518 1612 in-

1993 1641 2242 1727 scripto
2270 1639 2349 1706 L.
2366 1643 2502 1719 Aa,
2548 1654 2915 1727 antequam
2940 1655 3093 1708 orta
3110 1645 3257 1708 dies
3275 1645 3518 1712 XXIX.

1990 1737 2269 1825 Augusti
2329 1738 2596 1802 literam
2650 1742 2716 1802 A
2780 1740 2857 1802 in
2900 1740 2954 1802 B
3016 1747 3517 1805 commutaret?

1991 1835 2099 1901 Ab
2143 1835 2246 1898 his
2287 1835 2490 1919 igitur
2538 1837 3034 1922 Aegyptiorum
3091 1837 3311 1900 nuruis
3346 1838 3516 1902 invi-

1993 1945 2098 1998 cte
2137 1933 2502 2008 docemur,
2544 1952 2676 1994 non
2737 1933 3053 2016 quidem,
3107 1935 3293 2017 quod
3365 1935 3517 2000 aliis

1988 2029 2287 2117 placuit,
2344 2027 2806 2090 Alexandrum
2865 2030 3004 2108 jam
3065 2028 3285 2092 mense
3333 2029 3518 2093 Mar-

1988 2127 2088 2189 tio
2124 2125 2301 2187 diem
2340 2121 2621 2186 obivifl‘e
2647 2171 2666 2199 ,
2720 2119 2833 2186 fed
2871 2135 3101 2187 tamen
3147 2121 3319 2207 justo
3359 2139 3518 2192 ante

1994 2222 2175 2285 diem
2239 2219 2429 2284 xm.
2509 2219 2780 2304 Augusti
2850 2220 3108 2304 spatio,
3147 2220 3522 2286 ·nirnirum

1996 2327 2323 2401 quantum
2400 2315 2923 2399 requirebatur,
3002 2328 3077 2379 ut
3127 2316 3359 2401 agnito
3396 2337 3522 2402 per

1990 2412 2387 2500 provinciae
2419 2430 2607 2476 novo
2664 2413 3065 2498 imperatori
3124 2413 3310 2476 numi
3361 2411 3520 2478 feri·

1992 2522 2244 2575 rentur.
2329 2507 2464 2589 Qui
2536 2520 2962 2572 memoratae
3014 2509 3519 2594 subscriptionis
3604 2545 3605 2548 ¹

1989 2604 2441 2670 testimonium
2475 2605 2663 2668 volet
2702 2625 3048 2690 regerere,
3116 2607 3178 2668 ei
3222 2605 3523 2691 probare

1986 2701 2387 2780 incumbet,
2425 2706 2750 2784 majorem
2775 2701 2901 2764 else
2934 2700 3520 2792 subscriptionum,

1991 2819 2163 2884 quas
2212 2798 2593 2884 saepissime
2637 2797 2878 2862 fallere
2922 2797 3526 2883 deprehendimur,

1991 2898 2501 2973 auctoritatem,
2555 2916 2763 2979 quam
2802 2916 3163 2960 numerum
3205 2896 3527 2980 lynehro-
3594 2905 3599 2910 ⁴

1987 3012 2260 3056 norum.
2328 2993 2581 3057 Earum
2628 2996 2848 3057 intuta
2882 2992 3051 3057 fides
3079 2996 3221 3075 jam
3258 2996 3525 3079 pridem

1989 3092 2265 3174 cognita
2317 3092 2596 3152 eruditis
2632 3136 2652 3166 ,
2706 3103 2782 3151 nt
2816 3089 3121 3172 pluribus
3170 3089 3386 3173 locis,
3436 3109 3535 3153 ao

1989 3185 2388 3268 cumprimis
2430 3188 2493 3247 in
2538 3196 2700 3247 nota
2738 3185 2892 3247 ΧΠ.
2952 3186 3019 3246 in
3063 3185 3549 3250 Maximinnm‘

1986 3280 2315 3365 probavit
2341 3281 2848 3345 Tillemontixw.
2898 3279 3104 3361 Quod
3132 3282 3223 3342 ad
3242 3301 3525 3344 numum

1989 3374 2303 3440 Amafiae
2354 3378 2646 3450 attinet,
2701 3376 2814 3458 qui
2862 3376 3238 3439 Alexandri
3286 3394 3524 3439 necem

1994 3470 2220 3534 adhuc
2270 3470 2535 3556 longius
2578 3468 2848 3546 differt,
2920 3469 3097 3532 hunc
3130 3465 3356 3546 eerte',
3408 3468 3524 3532 elli

1993 3569 2355 3653 genuinum
2423 3569 2701 3642 demna,
2765 3576 2970 3647 atque
3033 3563 3098 3624 in
3152 3582 3235 3625 eo
3279 3582 3524 3627 revera

1994 3659 2245 3726 a'nnum
2285 3661 2468 3726 CMB
2519 3659 2813 3740 exstare,
2865 3658 3200 3745 insigniter
3236 3657 3521 3741 fallere,

1993 3757 2202 3823 facile
2241 3779 2325 3823 ex
2353 3762 2487 3839 jam
2528 3757 2728 3821 dictis
2761 3753 3327 3841 demonfiramus,
3358 3774 3522 3839 quo-

1995 3858 2181 3920 niam
2229 3855 2267 3918 fi
2318 3855 2680 3918 Maximini
2727 3872 2943 3917 annus
2989 3856 3045 3914 A
3110 3855 3339 3935 coepit
3379 3850 3529 3938 post

1999 3955 2180 4017 diem
2216 3952 2459 4022 XXlX.
2506 3949 2817 4037 Augufli,
2871 3960 2945 4012 ut
2979 3950 3045 4012 in
3085 3948 3219 4014 hac
3272 3951 3524 4014 doctri-

1999 4070 2088 4113 na
2133 4052 2406 4112 evenire
2454 4049 2708 4112 necessie
2742 4046 2875 4129 est,
2930 4048 3123 4111 annis
3159 4046 3528 4110 Maximini

380 4151 661 4216 cessario
716 4164 900 4213 ante.
953 4153 1044 4212 At
1081 4169 1215 4231 qua
1262 4162 1402 4212 tum
1451 4150 1716 4211 ratione
1756 4145 1978 4226 Ale-0
2004 4147 2054 4209 Γ
2087 4158 2153 4209 et
2184 4152 2238 4211 Δ
2276 4148 2468 4209 locus
2511 4166 2642 4208 non
2674 4141 3265 4229 relinquetur.'Ex
3286 4163 3421 4225 quo
3448 4142 3529 4206 li-

373 4250 719 4316 xandrum
763 4248 988 4310 adhuc
1031 4249 1261 4308 vivum
1318 4247 1428 4308 die
1465 4245 1649 4310 Xlll.
1692 4249 1910 4328 Augu·

373 4344 450 4409 fii
493 4341 1028 4430 praestabimuS,
1108 4354 1179 4404 nt
1234 4342 1483 4404 docent
1530 4342 1730 4419 hujus
1778 4341 1908 4402 sen-

373 4447 633 4507 tentiae
659 4441 940 4540 patroni.
976 4458 1064 4504 ex
1085 4437 1567 4526 subscriptione
1610 4437 1784 4525 legis
1815 4437 1904 4501 ab

2006 4263 2211 4325 quere
2228 4240 2577 4307 manifeste
2596 4242 2915 4317 arbitror,
2949 4239 3323 4305 Alexandri
3348 4256 3526 4303 mor·

2001 4352 2136 4402 tem
2174 4341 2512 4426 nonxposs'e
2537 4339 2831 4424 longina,
2878 4336 2994 4402 niti
3027 4335 3171 4401 fere
3193 4335 3309 4401 sub
3336 4353 3530 4402 men-

1988 4436 2070 4502 fis
2105 4435 2263 4502 Iulii
2295 4437 2712 4526 principium
2750 4433 3039 4506 differri.

2890 4628 3121 4697 Ena
