4242 5459
1362 496 2248 619 TREBONIANV
2275 540 2354 617 s

3253 549 3412 630 ,361

298 740 723 827 MONETA.
766 742 1044 810 AVGG.
1104 746 1259 812 Tres
1277 744 1570 813 Monetae
1580 744 1826 829 stantes
1904 739 2295 849 complures
2344 734 2725 817 habentur,
2778 741 2937 805 item
3001 730 3430 806 Alexandrini
3533 692 3572 821 ι,

297 864 433 908 cum
480 828 726 907 bilance
763 841 1050 933 singulae
1095 852 1157 907 et
1218 841 1656 923 ιονηιιεορὶαι.
1700 858 1824 924 pro
1906 854 2058 900 cum
2101 840 2190 902 A.
2232 839 2306 902 Β.
2340 838 2463 913 Γ.,
2518 836 2602 900 de
2638 835 2881 920 quibus
2931 836 3224 903 numeris
3273 854 3427 921 ago-

283 938 681 1027 fingularam
710 937 974 1025 pedibus
1016 936 1203 1030 maffa
1248 937 1496 1005 metam.
1548 935 1690 1002 AR.
1733 956 1822 1000 m.
1904 946 2015 998 tur
2049 933 2395 998 continuo.

301 1054 391 1097 m.
432 1029 642 1121 (Mus.
680 1034 903 1118 Caes.)

599 1129 694 1197 Vt
740 1129 834 1196 ut.
866 1132 955 1200 Β.

295 1221 727 1291 PRINCIPI.
767 1226 1346 1292 IVVENTVTIS.
1374 1225 1440 1292 S.
1465 1223 1541 1291 C.
1591 1223 1829 1292 Mulier

146 1367 153 1371 -
281 1321 505 1409 fidens
535 1321 598 1387 d.
640 1343 907 1389 ramum.
958 1325 1104 1389 ΑΕ.
1129 1323 1220 1389 11.
1272 1323 1660 1408 (Banduri.)

405 1417 607 1481 Credi
641 1422 853 1506 poss'et
888 1419 1062 1482 haec
1105 1418 1346 1484 aversa
1380 1438 1466 1482 ex
1526 1415 1830 1482 Volulia·

298 1517 370 1578 ni
414 1529 690 1578 moneta
720 1535 844 1600 per
880 1515 1194 1596 injuriam
1240 1514 1373 1578 huc
1426 1516 1679 1579 adacta
1707 1562 1729 1593 ,
1780 1511 1828 1575 fi

290 1610 371 1673 in
403 1608 537 1672 hac
575 1610 876 1676 mulieris
914 1610 1202 1677 sedentis
1242 1621 1447 1695 typus
1504 1630 1655 1675 cum
1711 1629 1822 1675 ea-

300 1707 457 1769 dem
513 1705 886 1792 epigraphe
950 1717 1358 1772 occurreret.
1504 1706 1640 1769 Sed
1681 1709 1822 1788 jam

292 1801 477 1865 alias
533 1800 1090 1880 observavimus,
1179 1799 1487 1885 Augustis
1552 1821 1825 1886 quoque

298 1916 439 1961 ιιοιι
468 1916 629 1961 raro
663 1898 989 1984 principis
1012 1898 1387 1983 juventutis
1417 1898 1690 1963 titulum
1719 1897 1823 1961 fu·

298 1992 421 2057 iss'e
466 1994 827 2076 adjectum.

1048 2086 1080 2121 fl

602 2182 696 2251 Vt
739 2184 834 2250 ut.
902 2184 970 2250 C.
1086 2185 1383 2250 Protomae
1429 2173 1717 2251 turbata
1760 2183 1825 2249 d.

573 2282 885 2368 fieptrum
924 2303 1059 2347 cum
1093 2282 1328 2366 aquila.

300 2375 710 2442 SAECVLI.
756 2376 811 2437 F
816 2376 1263 2441 ELICITAS.
1319 2377 1613 2463 Quattuor
1644 2375 1833 2462 puelli

278 2477 528 2563 stantes
560 2493 696 2538 cum
730 2472 1061 2539 attributis
1091 2473 1344 2538 totidem
1388 2476 1542 2539 anni
1607 2482 1830 2558 tempe-

276 2573 488 2656 states
550 2568 1038 2658 designantibus.
1110 2569 1261 2632 AE.
1318 2589 1409 2633 m.
1466 2590 1557 2632 m.
1621 2569 1828 2654 (Mus.

304 2661 621 2747 Albani.)
658 2696 663 2703 ·

397 2761 693 2849 Elegans
733 2772 982 2847 typus,
1034 2757 1147 2825 etii
1171 2763 1315 2843 jam
1344 2780 1433 2826 ex
1472 2761 1695 2826 numi‘s
1716 2781 1828 2827 co·

304 2858 555 2947 gnituS.

606 2952 701 3020 Vt
732 2952 826 3018 tet.
866 2944 973 3020 A.

302 3048 822 3115 SAECVLVM.
844 3049 905 3111 N
913 3049 1208 3113 OVVM.
1268 3047 1581 3135 Templum
1592 3049 1713 3133 sex
1736 3070 1834 3117 co·

302 3150 659 3212 lamnarum
687 3192 710 3223 ‚
759 3147 940 3210 intra
988 3144 1157 3231 quod
1211 3146 1442 3210 idolum
1461 3146 1682 3232 fidens
1700 3193 1724 3224 ‚
1769 3148 1839 3211 z'n

304 3247 436 3310 imo
485 3261 677 3307 unum
698 3288 719 3318 ‚
768 3242 867 3306 vet
908 3239 1075 3319 duo,
1121 3241 1220 3306 vel
1248 3245 1381 3306 tria
1418 3250 1687 3327 puncta,
1724 3244 1838 3331 seu

300 3335 571 3426 globuli.
621 3338 769 3400 AR.
822 3336 1030 3422 (Mus.
1083 3334 1299 3415 Caes.)

415 3437 609 3497 Haec
657 3432 891 3497 aversa
932 3431 1145 3496 obvia
1176 3434 1247 3495 in
1289 3433 1511 3503 numis
1533 3433 1837 3520 Philippi

309 3532 593 3615 ejusque
627 3526 960 3606 familiae,
1012 3528 1123 3591 sed
1159 3549 1310 3592 cum
1367 3531 1437 3593 in
1479 3530 1584 3593 his
1625 3529 1840 3593 absint

307 3625 572 3712 globuli
594 3623 889 3705 subiecti,
943 3636 1010 3687 et
1045 3625 1253 3705 etiam
1286 3625 1466 3688 idem
1489 3638 1695 3712 typus
1715 3645 1837 3689 ex·

306 3721 434 3788 stet
466 3723 534 3785 in
572 3732 849 3784 moneta
879 3720 1272 3785 Et·ruscillae
1313 3721 1557 3798 Decii,
1612 3734 1680 3785 et
1699 3722 1836 3785 Ho-

304 3817 581 3896 stiliam,
632 3815 1219 3902 demitursuspicio
1237 3829 1666 3904 permutatae
1696 3837 1838 3883 ma·

301 3913 536 3994 tricis,
589 3934 795 4000 quam
853 3911 1165 3978 obtendit
1201 3914 1471 4001 Pagius.
1512 3912 1581 3999 ⁸)

590 4108 793 4175 Numi
837 4107 1158 4218 commatis
1207 4107 1561 4192 peregrini.

408 4300 614 4366 Numi
643 4300 894 4367 arbium
920 4298 1309 4377 liberarum
1355 4309 1422 4361 et
1453 4256 1838 4366 colonium

1954 1126 2056 1195 De
2089 1120 2241 1193 trib.
2295 1124 2589 1213 potestate
2605 1172 2625 1203 ,
2693 1134 2755 1188 et
2807 1129 3088 1194 terminis
3138 1132 3397 1215 imperi?

2477 1220 2872 1311 Treboniani.

2007 1413 2523 1479 Trebonianum
2569 1426 2857 1478 exeunte
2881 1413 3026 1482 fere
3058 1417 3435 1485 Novembri

1910 1514 1994 1577 V.
2035 1510 2116 1575 C.
2165 1526 2352 1589 1004
2384 1513 2641 1574 dictum
2687 1510 3049 1595 Augustum
3110 1515 3434 1581 vidimus·

1913 1605 2117 1690 Quod
2152 1610 2245 1671 ad
2261 1612 2400 1689 ejus
2429 1607 2704 1692 imperii
2720 1606 2921 1670 finem
2960 1612 3225 1695 attinet,
3259 1612 3435 1678 haec

1912 1702 2260 1768 Zoffmus:
2311 1701 2556 1767 Gothis
2607 1703 3000 1788 provincias
3049 1704 3212 1770 Istro
3268 1710 3436 1776 adli·

1911 1810 2019 1863 tas
2058 1800 2335 1885 impune
2368 1795 2785 1863 vastantibus
2818 1804 3277 1867 Aemilianum
3318 1816 3434 1871 ex-

1912 1896 2152 1958 ercitui
2189 1896 2581 1959 Pannonico
2644 1895 3067 1980 praefectum
3123 1899 3436 1967 barbaris

1912 1991 2193 2054 obviam
2216 1990 2625 2077 procefsiss'e‚
2679 2010 2932 2075 eosque
2964 1998 3272 2061 victoriis
3296 1997 3434 2064 fra-

1916 2099 2071 2149 ctos
2106 2098 2179 2149 ut
2211 2106 2297 2149 ex
2348 2086 2619 2172 imperii
2680 2085 2927 2151 finibus
2989 2095 3437 2173 excederent,

1912 2183 2225 2266 coegiss'e.
2274 2183 2453 2245 Tam
2488 2179 2885 2266 praeclarae
2921 2187 3193 2251 virtutis
3235 2191 3440 2256 causa

1914 2276 2005 2339 ab
2030 2278 2328 2340 exercitu
2352 2273 2714 2361 Augustum
2752 2279 3107 2344 adversum
3144 2284 3439 2368 ignavos

1916 2374 2257 2459 principes
2277 2371 2665 2437 salutatum.
2683 2371 2840 2453 Quo
2860 2372 3440 2446 auditoTreboni·

1912 2488 2118 2533 anum
2139 2468 2492 2555 imperafl'e
2512 2467 2909 2555 Valeriano,
2927 2485 2999 2536 ut
3021 2477 3437 2559 perduellem

1916 2567 2180 2628 coactis
2216 2564 2485 2628 Galliae
2535 2576 2604 2627 et
2629 2563 3037 2637 Germaniae
3057 2562 3439 2659 legionibus

1916 2662 2005 2725 ad
2054 2660 2447 2747 obsequium
2486 2674 2871 2728 revocaret.
2941 2670 3033 2757 At
3059 2671 3440 2753 praevenis-

1914 2758 1980 2821 L'e
2022 2759 2521 2836 Aemilianum,
2592 2769 2660 2820 et
2713 2760 2952 2824 ltaliae
2990 2782 3143 2828 cum
3191 2776 3442 2855 magno

1917 2856 2218 2919 exercitu
2246 2853 2537 2918 infusum
2574 2855 2674 2918 ita
2713 2861 3133 2941 perterruiss'e
3176 2863 3440 2931 Trebo-

1914 2952 2102 3019 niani
2152 2951 2447 3030 militm,
2500 2963 2574 3014 ut
2611 2963 2874 3017 mutata
2930 2953 3067 3021 fide
3106 2978 3260 3022 eum
3302 2974 3443 3027 una

1917 3067 2069 3112 curn
2108 3046 2253 3111 filio
2294 3049 2479 3134 apud
2511 3047 2974 3114 Interamnam
3025 3056 3440 3137 occiderent,

1917 3143 2115 3230 seque
2148 3164 2284 3207 una
2345 3164 2498 3208 cum
2563 3145 2791 3209 senatu
2847 3151 3214 3216 Aemiliani
3261 3155 3444 3218 arbi‘-

1914 3243 2049 3305 trio
2106 3242 2598 3325 permitterent.
2676 3245 2767 3304 At
2807 3243 3156 3310 Valeriani
3196 3249 3445 3314 milites

1918 3337 2191 3421 indigne
2252 3333 2593 3414 ferentes,
2671 3356 2825 3400 eum
2884 3340 3283 3427 imperare,
3353 3344 3449 3407 ad

1921 3450 2125 3516 quem
2167 3430 2350 3494 bello
2376 3432 2905 3516 persequendum
2941 3436 3122 3497 missi
3148 3434 3447 3518 fuerant,

1918 3526 2364 3590 Valerianum
2422 3526 2607 3588 suum
2672 3546 2975 3613 purpura
3035 3529 3446 3614 induerunt,

1919 3623 2036 3708 qui
2078 3622 2349 3686 Italiam
2394 3639 2543 3685 cum
2585 3623 2883 3685 exercitu
2928 3624 3247 3711 ingressus
3295 3650 3443 3697 eas·

1920 3722 2075 3789 dem
2119 3721 2305 3782 vices
2339 3720 2651 3804 rependit
2697 3718 3128 3808 Aemiliano,
3193 3744 3347 3791 cum
3400 3748 3448 3795 a

1916 3816 2048 3879 suis
2084 3813 2298 3901 ipfius
2329 3813 2657 3879 militibus
2716 3812 2879 3880 belli
2919 3818 3179 3886 incerta
3221 3838 3450 3890 metu.

1919 3912 2186 3976 entibus
2226 3911 2669 3979 occideretur.
2770 3915 2969 3978 Hanc
3010 3935 3247 3983 necem
3287 3941 3446 4008 per·

1919 4022 2150 4074 actam
2191 4009 2376 4094 apud
2427 4006 2780 4092 Spoletum
2826 4009 3037 4075 refert
3083 4016 3324 4081 Victor
3377 4022 3450 4087 i'n

1916 4106 2240 4191 epitome.
2292 4105 2426 4170 Sed
2465 4107 2704 4170 Victor
2747 4108 2934 4192 prior
2981 4111 3444 4185 Aemilianum

1916 4202 2164 4267 morbo
2198 4199 2586 4267 exstinctum
2627 4205 2921 4292 adserit,
2995 4228 3079 4272 ac
3114 4208 3342 4294 postea
3398 4232 3448 4281 a

1917 4298 2245 4364 militibus
2274 4300 2461 4386 apud
2499 4299 2828 4366 Rhaetias
2864 4305 2956 4369 ob
3000 4304 3247 4372 instans
3304 4307 3455 4374 bel-

282 4440 3448 4479 mm

381 4516 445 4582 a)
485 4513 615 4566 Cri-t
653 4511 736 4564 Ba
740 4528 863 4573 ron
866 4509 975 4571 ad
1010 4526 1143 4564 ann.
1187 4506 1291 4564 eh.
1329 4521 1447 4579 453.

406 4590 600 4677 (να.
639 4557 873 4672 γιιᾨ)

2922 4593 3052 4655 Zz.
