4242 5459
1240 542 2049 622 ANTONINVS
2169 540 2492 616 PIVS.
3347 574 3425 616 ιι

286 757 514 809 tonas
556 761 844 821 aureas,
912 741 1156 826 quibus
1206 740 1701 829 significabant,
1755 754 1828 807 ut

286 841 636 906 continuo
672 839 882 914 addit,
909 838 1296 923 obsequium
1330 862 1414 904 ac
1438 841 1827 904 societatem

294 955 667 1000 armorum
702 932 944 997 offerre
986 934 1047 997 se
1089 938 1527 1020 imperatori,
1598 936 1638 998 [i
1687 935 1825 1000 vel·

294 1032 417 1095 let.
488 1030 855 1093 Iulianum*
886 1044 1077 1094 moto
1112 1033 1178 1093 in
1224 1032 1458 1095 Persas
1490 1031 1671 1095 bello
1694 1032 1824 1094 Eu-

293 1129 627 1214 phratem
649 1125 1119 1211 transgressum
1149 1127 1611 1193 Saracenarum
1639 1147 1826 1211 regu-

298 1226 347 1288 li
385 1225 676 1309 gentium
699 1222 966 1306 genibus
979 1224 1283 1309 supplices
1318 1226 1460 1289 nixi
1496 1178 1744 1289 οόΙαίαὸ
1750 1244 1831 1288 ex

1919 740 2544 807 LIBERALITAS.
2585 740 2661 805 P.
2705 742 2805 805 M.
2837 741 2989 807 ΤΒ.
3029 743 3105 809 Ρ.
3135 740 3327 809 COS.
3350 745 3437 812 11.

1921 841 1988 902 S.
2011 839 2085 902 C.
2133 843 2341 924 Typus
2356 839 2690 922 congiarii.
2717 839 2883 922 ,Aa
2908 838 2961 901 Ι.
2991 839 3196 924 (Mur.
3221 837 3438 919 Caes.)

2022 935 2124 998 Est
2169 936 2299 997 hoc
2329 934 2651 996 Antonini
2677 936 3102 1019 congiarium
3142 938 3438 1021 primum

1919 1043 2374 1094 memoratum
2397 1049 2667 1113 quoque
2691 1029 3109 1112 Capitoline,
3163 1033 3320 1094 dum
3344 1033 3439 1096 in-

1922 1136 2025 1188 ter
2048 1129 2270 1212 prima
2305 1127 2442 1205 ejus
2481 1122 2625 1209 post
2656 1126 2913 1188 aditum
2952 1126 3307 1212 imperium
3335 1126 3436 1191 fa-

1923 1233 2032 1284 cta
2063 1221 2315 1287 refert·
2373 1220 2780 1332 Congiarium
2818 1221 3153 1300 militibus,
3221 1243 3295 1289 ac
3324 1246 3444 1309 po-

301 1341 470 1386 mo
517 1339 753 1383 corona
794 1329 1089 1403 tanquam
1138 1322 1389 1396 mundi,
1463 1323 1825 1384 nationum·
1914 1320 2064 1402 pulo
2107 1320 2181 1383 de
2207 1318 2475 1403 proprio
2534 1315 2749 1402 dedit,
2815 1326 2873 1382 et
2904 1317 3014 1396 ea}
3064 1338 3219 1406 quae
3252 1329 3446 1406 pater

297 1435 423 1503 que
435 1415 707 1501 suarum
737 1415 1046 1478 dominum
1067 1416 1442 1480 adorarunt.
1474 1421 1529 1490 ²)
1564 1416 1827 1479 Eodem
1890 1416 2315 1504 “promiserat-

302 1532 473 1597 ergo
499 1511 774 1574 consilio
794 1511 1054 1596 impulli
1076 1512 1333 1589 Parthi,
1374 1512 1833 1595 Scythaeque,

302 1619 381 1671 ut
422 1608 844 1669 Antoninum
879 1625 1114 1669 recens
1159 1609 1564 1692 adoptatum
1609 1607 1826 1670 statim

300 1707 370 1768 in
412 1703 762 1788 dignitatis
801 1703 993 1766 aditu
1028 1702 1146 1764 fibi
1167 1704 1629 1782 conciliarent
1680 1704 1818 1766 sue-

300 1811 375 1863 ta
414 1811 565 1861 tum
610 1809 938 1877 munera,
990 1819 1167 1883 quae
1207 1799 1674 1882 hominesque,
1711 1801 1827 1864 dc·

300 1914 523 1980 osque
567 1895 882 1981 placant,
935 1892 1262 1959 destinato
1310 1895 1652 1960 success'ori
1704 1896 1823 1958 mi-

300 1992 477 2066 sere3
529 2011 747 2075 neque
771 1988 941 2055 istud
970 1973 1205 2071 Parthi
1241 1990 1427 2054 nulla
1462 1991 1613 2075 spe,
1667 2011 1825 2055 nam

298 2084 566 2151 conflat
600 2107 686 2150 ex
709 2083 1121 2174 Spartiano,
1157 2074 1224 2164 ι’)
1278 2087 1639 2171 promisisse
1679 2089 1826 2151 Ha-

298 2185 623 2247 drianum
657 2183 972 2261 Parthis,
1024 2182 1136 2245 se
1116 2185 1201 2246 tis
1228 2180 1677 2246 restituturum
1707 2184 1827 2247 sel-

296 2279 446 2343 lam
506 2280 806 2364 regiam,
889 2299 1092 2363 quam
1130 2280 1466 2360 Trajanus
1509 2291 1826 2363 ceperat,

297 2395 442 2438 non
475 2385 707 2438 autem
746 2396 898 2440 eum
953 2374 1259 2438 liberass'e
1317 2374 1569 2450 fidem,
1639 2375 1825 2438 disci·

298 2491 454 2533 mus
496 2491 585 2533 ex
624 2469 1026 2559 Capitolino
1056 2471 1388 2546 docente,
1440 2476 1493 2546 ⁰)
1546 2472 1817 2534 Antoni

296 2586 469 2630 num
505 2567 794 2634 eandem
833 2567 1065 2629 sellam
1112 2567 1518 2630 Parthorum
1550 2568 1691 2653 regi
1725 2587 1824 2630 re-

295 2664 561 2749 petenti
603 2662 1077 2749 pernegaviss‘e.
1153 2662 1258 2726 De
1322 2661 1592 2746 Scythis
1658 2661 1827 2727 nih'il

297 2761 471 2823 certi
515 2756 809 2834 confiat,
862 2758 974 2822 nili
1016 2756 1194 2822 forte
1245 2757 1543 2821 studuere
1592 2761 1824 2823 devin-

300 2857 445 2919 cire
482 2854 598 2917 fibi
656 2856 1113 2939 Antoninum,
1166 2873 1247 2917 ne
1306 2858 1575 2936 juvaret
1624 2855 1823 2918 finiti-

297 2971 505 3027 mos,
558 2968 713 3012 cum
750 2951 994 3034 quibus
1032 2949 1213 3012 bella
1247 2950 1516 3035 gelsere.
1588 2950 1823 3014 Refert

290 3048 459 3111 sane
494 3045 923 3129 Capitolinus
952 3094 971 3125 ,
1024 3037 1087 3126 δ)
1141 3045 1648 3128 Tauroscythas
1699 3049 1822 3111 Ol-

294 3141 665 3227 biopolitis
720 3141 917 3203 Ponti
982 3142 1190 3206 armis
1250 3141 1445 3202 fuiss'e
1502 3142 1817 3223 infestos,

294 3253 375 3303 at
416 3236 638 3301 missis
674 3236 763 3297 ab
784 3241 1122 3302 Antonino
1160 3238 1424 3299 civitati
1458 3239 1730 3302 auxiliis
1749 3242 1819 3302 vi

290 3339 640 3419 rejectos,
697 3344 763 3394 et
793 3335 885 3397 ad
912 3335 1176 3399 dandos
1217 3332 1478 3397 obfides
1502 3337 1817 3402 aductus·
1864 3397 1873 3404 .

616 3525 817 3592 Numi
858 3524 1043 3613 Μαι
1086 3527 1240 3592 anni
1275 3526 1514 3612 reliqui.

288 3717 1184 3883 πᾷΡιῙῦεΜὲΒΜῚΒ.
1223 3817 1301 3882 P.
1346 3812 1661 3879 cos.11.
1704 3812 1824 3878 aa.

166 3921 173 3926 ’
285 3913 1177 4000 ditoinseriusfiguatisP.
1229 3912 1307 3975 P..
1365 3912 1555 3996 Typis
1595 3912 1822 3989 variis,

284 4021 348 4076 et
388 4010 626 4078 obviis.
673 4009 822 4073 AR.

1852 3537 1863 3548 '
1917 3524 2093 3590 dixit
2120 3544 2137 3585 :

2478 1558 2509 1592 ἡ

2227 1606 2322 1672 Vt
2382 1603 2479 1669 lit.
2527 1606 2611 1669 E.

1918 1703 1983 1766 S.
2009 1705 2084 1766 P.
2114 1702 2200 1784 Q.
2225 1703 2307 1764 R.
2329 1702 2410 1765 A.
2436 1700 2520 1763 N.
2541 1698 2615 1772 F,
2643 1699 2718 1763 F.
2763 1702 3151 1772 OPTIMO.
3201 1706 3437 1771 PRIN-

1921 1797 2585 1864 C1P1.P10.intra
2634 1795 2931 1864 lauream.
3007 1802 3150 1867 AF..
3212 1822 3296 1868 m.
3343 1824 3434 1868 m.

1920 1895 2121 1971 (Mus.
2153 1881 2269 1964 ’.Μ
2304 1895 2572 1970 Ducis.)
2623 1895 2765 1956 ΛΕ.
2811 1899 2858 1959 1.
2913 1896 3200 1981 (Bellori
3251 1898 3435 1986 epist.

1917 1992 2002 2054 de
2034 1993 2195 2053 anni
2231 1991 2392 2058 novi
2428 1987 2611 2074 ausp.
2619 1987 2651 2069 )

2014 2086 2456 2174 Epigraphen
2479 2085 2872 2171 legendam·
2857 2136 2872 2152 .
2914 2091 3166 2154 Annum
3191 2089 3438 2157 Novum

1919 2184 2211 2254 Faustum
2247 2183 2525 2264 Felicem,
2576 2193 2643 2244 et
2676 2182 3017 2268 duplicem
3049 2207 3098 2250 a
3119 2189 3438 2274 principi·

1922 2279 2045 2340 bus
2069 2298 2318 2339 annum
2336 2295 2591 2340 novum
2613 2276 2940 2340 celebrari
2961 2280 3252 2356 solitum,
3280 2284 3440 2346 satis

1920 2374 2009 2436 ad
2065 2371 2341 2434 fimilem
2395 2372 2728 2434 Hadriani
2787 2392 3063 2435 numum
3114 2376 3436 2458 explicui-

1919 2487 2093 2544 mus.
2150 2463 2209 2550 e)
2262 2468 2662 2552 Opportune
2694 2477 2927 2529 tamen
2962 2468 3275 2534 hocloco
3320 2476 3437 2537 ad·

1920 2562 2212 2627 dendum
2253 2564 2562 2640 videtur,
2617 2561 2743 2625 ess'e
2787 2563 3252 2645 verisimilius,
3304 2567 3437 2633 hac

1917 2660 2348 2748 inscriptione
2371 2658 2746 2744 auspicium
2769 2662 2927 2723 anni
2943 2665 3104 2728 novi
3133 2683 3433 2729 commu-

1919 2758 2020 2820 nis
2065 2757 2194 2820 ess'e
2237 2755 2791 2840 intelligendum,
2847 2761 3032 2841 quod
3092 2781 3201 2823 me
3241 2761 3432 2846 suspi-

1920 2854 2062 2917 cari
2094 2851 2268 2915 facit
2300 2853 2540 2915 laurea
2564 2896 2583 2927 ,
2638 2852 2747 2914 cui
2773 2854 3150 2941 epigraphe
3191 2858 3432 2920 inserta

1918 2948 2028 3013 est.
2083 2950 2241 3012 Mos
2279 2948 2457 3011 enim
2499 2960 2650 3011 erat
2677 2949 2860 3032 apud
2909 2951 3259 3017 Romanos
3285 3000 3305 3034 ,
3363 2953 3463 3017 ut'

1913 3047 2230 3121 laureae,
2283 3063 2458 3127 quae
2498 3055 2647 3106 toto
2689 3062 2872 3108 anno
2896 3044 2964 3107 in
2993 3047 3197 3112 sacris
3243 3049 3434 3113 adhi-

1917 3140 2293 3221 bebantur,
2347 3139 2499 3223 iplis
2545 3137 2871 3202 Kalendis
2909 3145 3067 3205 anni
3110 3146 3271 3208 novi
3308 3147 3433 3208 tol-

1891 3235 2245 3318 ,lerentun
2299 3247 2366 3297 et
2397 3246 2816 3297 mutarentur
2863 3239 3279 3316 recentibus,
3348 3243 3433 3308 de

1916 3349 2052 3415 quo
2076 3329 2215 3392 late
2237 3330 2550 3396 Ovidius,
2577 3319 2630 3412 ¹)
2683 3327 2912 3413 Atque
2950 3335 3037 3397 ad
3077 3335 3254 3399 hunc
3289 3358 3428 3400 mo-

1914 3447 2057 3491 rem
2108 3426 2347 3490 adlufit
2381 3423 2700 3490 Sidonius
2746 3428 3163 3510 Apollinaris
3193 3478 3210 3506 ,
3280 3451 3432 3495 cum

2182 3520 2244 3604 s)
2305 3525 2575 3606 Tuqueo
2598 3566 2618 3598 ,
2668 3526 2766 3582 cui
2793 3523 3035 3600 laurea,
3086 3526 3265 3602 Iane,
3317 3546 3434 3590 au-

1916 3638 2046 3685 mia
2078 3618 2354 3683 debetur.
2406 3616 2563 3698 Quo
2608 3612 2866 3677 factum
2894 3663 2914 3693 ,
2967 3630 3039 3682 ut
3067 3638 3204 3684 non
3237 3621 3431 3685 dubi.

1916 3725 2092 3776 taret
2127 3715 2458 3775 Ausonius
2475 3728 2694 3774 novas
2723 3709 2996 3778 laureas
3026 3727 3101 3779 ut
3135 3717 3431 3784 consula.

1914 3820 2022 3872 tus
2059 3828 2456 3873 numerare:
2508 3797 2577 3890 h)

1923 4004 2044 4069 Ter
2098 4001 2453 4087 dominante
2530 4003 2673 4068 Tito
2721 4005 2921 4089 cingit
2985 4024 3150 4070 nova
3213 4004 3431 4072 laurea

1042 4104 1085 4145 ⁸¹
1263 4105 1283 4115 ’
2543 4100 2802 4166 Ianum.

596 4200 699 4270 Vt
727 4201 823 4265 lit.
857 4147 950 4266 1⁸1.
1230 4145 1271 4187 ψ
2015 4195 2281 4262 Similia
2307 4183 2647 4262 anninov'i
2677 4209 2848 4262 vota
2882 4216 3016 4261 non
3038 4217 3195 4262 raro
3222 4199 3429 4261 etiarn

356 4448 419 4509 a)
460 4437 1265 4508 Ammian.1..xx111.c.3
1422 4438 1483 4502 b)
1514 4441 1572 4491 in
1602 4437 1773 4497 Hadr.
1808 4457 1853 4490 c.
1880 4455 1958 4506 ¹3·
2101 4437 2151 4498 ε)
2190 4440 2247 4488 in
2271 4438 2553 4489 Antonino
2591 4452 2707 4505 c.9.
2846 4436 2908 4507 d)
2943 4437 2980 4490 1.
3016 4457 3062 4492 e.
3204 4440 3256 4505 e)
3296 4438 3426 4492 Vol.

278 4510 862 4587 V1.p·508·f)
895 4457 1327 4593 Fafl,111.¹35.
1463 4515 1522 4581 g)
1564 4510 1745 4562 Carni.
1783 4527 1858 4560 u.
1998 4509 2059 4568 h)
2100 4509 2280 4560 Carni.
2314 4517 2430 4576 258.
2466 4523 2513 4557 c.
2550 4521 2635 4564 ιι.
2901 4584 2948 4648 Β
3007 4602 3041 4645 2
