4242 5459
805 568 944 637 ²5²³

799 734 1099 804 habuisse
1137 734 1433 803 honores
1471 730 1535 798 in
1583 728 1828 798 horum
1886 746 2171 798 moneta
2214 732 2325 797 dc·

799 832 1343 898 monstravimus.
1411 832 1567 917 Quo
1612 829 1914 908 factum,
1985 842 2054 893 ut
2089 826 2321 894 fluctu-

798 943 946 994 aret
979 930 1113 1015 ipse
1160 928 1634 1013 Lampridius,
1689 938 1912 999 utrum
1953 925 2181 1002 loviS,
2234 944 2323 988 an

797 1026 976 1092 Solis
1012 1027 1464 1088 ·sacerdotem
1556 1023 1810 1114 diceret
1892 1018 2322 1085 Soaemiadis

796 1122 1049 1198 filium,
1076 1118 1138 1199 ¹¹)
1194 1134 1259 1184 et
1302 1118 1697 1204 Spartianus
1751 1119 1820 1180 in
1864 1118 2104 1180 eodem
2140 1117 2320 1180 anci-

796 1218 988 1302 cipiti
1026 1215 1489 1307 'deprehensus
1542 1234 1694 1276 cum
1756 1212 2123 1291 narrass'et,
2199 1212 2316 1275 ad·

794 1324 1095 1397 emptum
1170 1310 1524 1375 Faustinae
1603 1311 1852 1389 juniori
1938 1311 2268 1393 templum
2295 1354 2314 1385 ,

793 1410 984 1492 quod
1017 1409 1079 1471 ei
1115 1408 1395 1470 maritus
1433 1407 1710 1469 Marcus
1748 1404 1859 1468 sub
1881 1406 2094 1467 Tauri
2137 1404 2314 1467 radi·

796 1506 986 1568 cibus
1036 1504 1487 1577 fundaverat,
1559 1501 1791 1577 addit,
1865 1500 2315 1584 Elagabalum

793 1597 1083 1663 nostrum
1146 1599 1314 1663 illud
1352 1596 1520 1684 fibi,
1588 1595 1685 1661 vel
1740 1598 1883 1661 Iovi
1931 1596 2174 1678 Syrio,
2224 1594 2321 1660 vel

788 1698 928 1761 Sota·
975 1699 1305 1781 (incertum
1351 1699 1506 1758 euim
1548 1694 1615 1756 id
1655 1690 1763 1779 est)
1813 1691 2151 1780 vmdicaffi.
2188 1679 2242 1768 ι’)

888 1793 1158 1874 Reliqui
1178 1792 1358 1854 numi
1381 1790 1656 1873 allegati
1681 1791 2162 1871 imperatorem
2187 1806 2312 1848 no-

792 1888 988 1952 strum
1021 1887 1205 1949 velut
1239 1890 1572 1965 invictum,
1626 1896 1691 1948 et
1703 1883 2009 1969 summum
2016 1881 2312 1969 sacerdo-

791 1992 910 2049 tem
973 1984 1072 2048 dei
1127 1984 1299 2048 Solt's
1365 1980 1708 2066 Elagabale'
1763 1991 2190 2064 proponunt,
2245 1991 2312 2040 et

789 2081 1063 2166 quidem
1099 2091 1498 2164 operantem
1534 2077 1760 2151 sacris,
1813 2077 1919 2139 cui
1956 2076 2210 2138 muneri
2242 2087 2314 2137 ut

783 2181 912 2240 rite
946 2187 1264 2251 vacaret,
1346 2185 1550 2256 atque
1601 2172 1957 2233 secundum
2012 2172 2309 2255 patrium

783 2270 1179 2345 institutum,
1232 2268 1655 2331 circumcidit
1693 2267 1845 2342 sese,
1901 2279 1965 2328 et
1990 2265 2308 2329 carnibus

783 2367 990 2431 suillis
1037 2362 1445 2444 abstiuu‘it.⁶)
1500 2361 1809 2425 Offerunt
1843 2362 1912 2424 hi
1960 2364 2147 2424 numi
2188 2362 2306 2424 ha-

781 2464 1002 2527 bitum
1040 2482 1336 2545 quoque,
1392 2480 1526 2542 quo
1565 2456 2116 2537 ministeriihtijus
2140 2470 2299 2519 tem·

779 2579 952 2645 pore
991 2560 1137 2622 usus
1187 2555 1274 2620 est
1306 2604 1324 2633 ,
1378 2574 1621 2639 nempe
1666 2554 1864 2618 vuadio
1904 2557 2068 2618 inter
2094 2553 2301 2620 Phoe-

689 2718 708 2727 ,
773 2654 1231 2746 mffamfiolam
1252 2653 1526 2740 sacram,
1581 2661 1640 2714 et
1670 2650 1909 2714 laenam
1943 2649 2299 2724 Medorum,

779 2763 855 2815 ut
948 2772 1100 2814 eum
1168 2748 1484 2813 describit
1565 2746 2029 2820 Herodianus,
2100 2735 2165 2825 ὖ)
2236 2754 2305 2804 et

779 2846 923 2909 alio
967 2846 1164 2910 loco:
1213 2847 1429 2935 incfft
1475 2840 1806 2907 barbarico
1842 2837 2012 2905 cultu
2058 2842 2302 2903 tunicas

774 2940 1035 3007 indutus
1055 2960 1412 3027 purpureas
1433 2942 1713 3003 intextas
1749 2956 1908 3001 auro
1926 2984 1947 3018 ,
1996 2946 2055 3000 et
2083 2955 2297 2999 manu-

725 3062 730 3069 ·
777 3038 1019 3118 lentas,
1071 3047 1131 3102 et
1171 3037 1257 3102 ad
1293 3035 1479 3122 pedes
1531 3034 1826 3121 demiffas.
1882 3038 1933 3109 ²)
2012 3033 2297 3094 Palmae

774 3154 1050 3212 ramuS,
1102 3154 1301 3219 quem
1354 3129 1598 3195 sinissra
1638 3140 1858 3205 tenet,
1926 3127 2175 3212 quique
2226 3127 2295 3188 in

772 3232 995 3294 numis
1031 3230 1335 3316 pluribus
1398 3228 1484 3290 ad
1520 3227 1770 3290 clavae·
1801 3223 2295 3286 similitudinem

773 3326 1080 3405 accedit,
1131 3324 1311 3390 forte
1345 3323 1792 3386 Phoenicium
1832 3320 2179 3405 religionis
2224 3336 2292 3380 o-

767 3423 1054 3510 riginem
1091 3422 1387 3493 indicat3
1442 3430 1514 3480 at
1549 3416 1815 3479 hastilia
1850 3435 2002 3478 cum
2038 3416 2293 3477 indica-

755 3521 856 3583 tis
889 3518 1230 3583 attributis
1259 3520 1452 3598 juxta
1495 3511 1724 3576 defixa
1762 3523 2026 3595 partem
2065 3512 2295 3592 utique

768 3614 1000 3677 vesani
1044 3615 1208 3677 ritus
1239 3609 1660 3682 constituunt,
1710 3603 1975 3669 Astrum
2019 3606 2296 3690 superne

701 3754 706 3761 ⁴
767 3709 839 3771 in
875 3727 1038 3769 area
1074 3705 1369 3769 defixum
1393 3752 1412 3782 ,
1467 3718 1539 3767 ut
1575 3705 1644 3766 in
1676 3702 1981 3788 plurimis
2021 3703 2174 3766 aliis
2210 3702 2295 3764 E·

768 3800 1075 3886 lagabali
1119 3803 1380 3876 numis,
1434 3801 1634 3863 deum
1680 3798 1906 3861 Solem
1950 3810 2166 3864 notat.
2221 3797 2298 3860 In

766 3915 1112 3961 marmore
1135 3894 1498 3958 Muratorii
1527 3884 1584 3975 f)
1603 3892 1845 3978 legitur
1884 3894 1912 3956 1
1921 3897 2111 3959 unius
2145 3895 2296 3958 Ma·

769 4005 1001 4061 ternus
1040 3990 1351 4057 SACER.
1395 3990 1485 4055 D.
1521 3990 1588 4116 §⁶
1634 3989 2101 4062 HALAGAB.

995 4184 1168 4264 th
1194 4183 1290 4249 tit.
1326 4140 1407 4249 ἆ.
1453 4192 1512 4248 et
1548 4184 1631 4249 E.
1685 4135 1736 4175 Δ

1910 526 2843 610 ELAGABALvs.

2404 736 2528 798 riis
2564 726 2728 818 typis
2755 780 2772 809 ,
2820 730 3174 819 plerumque
3212 730 3283 798 in
3318 728 3417 800 dez·
3444 728 3785 821 Elagabau
3814 732 3935 804 cul·

2403 839 2475 893 tu
2511 833 2842 916 occupatis.
2896 830 3040 894 AV.
3082 830 3226 892 AR.
3270 826 3408 896 ΑΕ.
3458 832 3512 898 1.
3546 834 3632 899 11.

2776 1020 2858 1087 V.
2896 1018 2962 1088 C.
2996 1040 3145 1107 975.
3184 1020 3265 1086 P.
3293 1018 3381 1086 X.
3418 1044 3569 1091 222.

2489 1112 2622 1181 TR.
2673 1116 2749 1181 P.
2794 1118 2878 1182 V.
2948 1119 3127 1183 COS.
3183 1118 3314 1183 IV.
3352 1120 3429 1182 P.
3494 1120 3595 1184 M.
3644 1121 3723 1185 P.
3768 1125 3852 1187 P.

2500 1210 2854 1298 Elagabalo
2890 1210 3027 1279 IV.
3085 1212 3459 1280 Alexandro
3504 1216 3668 1304 θαι-[ζ
3716 1220 3837 1301 cos.

2497 1401 2912 1491 Comperto,
2980 1405 3434 1493 Elagabalum
3516 1408 3941 1474 consobrino

2399 1499 2514 1563 suo
2573 1521 2806 1565 necem
2851 1502 3133 1581 ,molit-i,
3172 1504 3676 1566 ‚tumultuantur
3720 1522 3931 1589 prae·

2398 1597 2670 1673 turiani,
2723 1616 2939 1681 neque
2975 1611 3175 1661 antea
3200 1597 3562 1681 quiescunt,
3615 1601 3770 1662 dum
3822 1600 3932 1663 se—

2396 1692 2754 1755 curitatem
2790 1691 3096 1770 Caesari,
3152 1710 3218 1758 et
3242 1695 3641 1757 traditurum
3680 1695 3740 1756 se
3768 1716 3929 1759 om-

2397 1805 2554 1863 nes,
2608 1788 3010 1870 quibuscum
3045 1793 3329 1876 turpiter
3376 1792 3681 1865 vixerat,
3752 1812 3932 1877 pro·-

2396 1884 2717 1947 mitteret.
2818 1885 3194 1950 Renovatis
3267 1884 3551 1961 infidiis,
3633 1898 3700 1948 et
3760 1901 3932 1949 orta

2396 1977 2649 2041 rursum
2690 1978 3014 2042 seditione
3061 1981 3378 2066 ingress'us
3416 1979 3631 2043 castra
3662 1983 3749 2045 ab
3785 1985 3929 2046 ira·

2397 2074 2486 2137 tis
2526 2074 2851 2141 militibus
2882 2095 3017 2138 una
3052 2097 3202 2139 cum
3250 2089 3468 2141 matre
3501 2076 3924 2142 Soaemiade

2388 2170 2770 2249 ‘occiditur,
2822 2189 3068 2255 corpus
3113 2193 3237 2257 per
3256 2172 3487 2235 urbem
3517 2183 3810 2235 tractum
3844 2174 3929 2237 in

2398 2266 2705 2329 Tiberim
2741 2266 3077 2347 abjicitur,
3131 2270 3313 2350 quod
3346 2265 3607 2330 factum
3646 2270 3928 2332 circiter

2394 2363 2512 2425 XI.
2550 2363 2785 2425 Martii
2824 2382 2907 2424 ex
2943 2364 3246 2427 calculco
3282 2362 3526 2427 Dionis
3549 2408 3567 2438 ‚
3620 2365 3691 2425 vi
3724 2368 3925 2446 cujus

2386 2458 2767 2542 imperavit
2802 2477 3017 2522 annos
3067 2459 3187 2521 111.
3240 2459 3490 2533 menses
3546 2460 3713 2537 1X.,
3763 2461 3925 2527 dies

2391 2555 2504 2616 IV.
2547 2557 2602 2628 ⁸)
2657 2555 2901 2617 aetatis
2935 2574 3115 2617 anno
3172 2547 3502 2637 xv[11.¹·)

2485 2649 2643 2730 Ejus
2693 2651 2883 2733 pueri
2937 2649 3295 2714 infamiam
3353 2653 3582 2727 vitae,
3652 2670 3918 2716 mores-

2386 2762 2517 2827 que
2560 2743 2717 2805 inde
2755 2764 2797 2805 a
2832 2758 3067 2808 tenera
3110 2759 3334 2810 aetate
3383 2748 3570 2809 omni
3624 2746 3923 2812 libidine

2384 2852 2742 2929 corruptos
2790 2843 3020 2904 animo
3085 2855 3405 2928 reputans
3458 2854 3577 2904 aut
3636 2842 3923 2907 dubita—

2382 2935 2505 3014 bit,
2558 2947 2782 2998 utrum
2798 2955 2963 2999 vera
2999 2936 3112 3000 [int
3141 2941 3399 3016 omnia,
3436 2958 3611 3021 quae
3640 2938 3723 3000 de
3764 2944 3926 3021 ejus

2376 3032 2706 3109 amentia,
2758 3044 2825 3094 et
2854 3032 3157 3096 sordibus
3182 3034 3383 3099 fidem
3408 3055 3675 3098 omnem
3717 3033 3931 3121 supe-

2382 3127 2689 3190 rantibus
2728 3128 3071 3191 tradidere
3116 3142 3422 3209 veteres,
3473 3143 3594 3194 aut
3625 3131 3925 3197 mirabi-

2382 3236 2491 3287 tur
2524 3225 2921 3307 patientiam
2956 3226 3422 3289 Romanorum
3447 3226 3660 3312 ipsum
3695 3228 3930 3290 trien-

2381 3321 2567 3383 nium
2616 3333 2682 3381 et
2716 3320 3011 3404 amplius
3051 3320 3226 3386 hanc
3285 3322 3469 3386 orbis
3510 3320 3754 3407 pestem
3802 3322 3925 3386 fe-

2382 3418 2697 3479 rentium.
2753 3416 2969 3477 Natus
3018 3436 3099 3479 ea
3143 3419 3578 3495 conditione,
3630 3436 3799 3500 qua,
3864 3420 3927 3484 fi.

2382 3523 2648 3597 patrem
2671 3512 2954 3575 Varium
2989 3510 3268 3598 spectes,
3320 3513 3577 3597 privati
3620 3513 3920 3579 modum

2384 3609 2712 3671 excedere
2747 3627 2883 3670 non
2902 3607 3266 3687 debuerat,
3340 3608 3383 3672 fi
3430 3608 3918 3691 Caracallam,

2381 3703 2448 3765 in
2497 3703 2827 3788 despectis
2861 3716 3140 3790 propter
3176 3706 3594 3771 adulterinos
3634 3705 3923 3772 natales

2382 3798 2735 3864 habendus
2778 3814 2964 3878 erat,
3031 3802 3292 3883 dejecto
3356 3800 3931 3869 muliercularum

2383 3896 2646 3959 artibus
2680 3943 2700 3975 ,
2760 3909 2828 3960 et
2883 3897 3067 3960 velut
3114 3918 3235 3981 per
3283 3898 3517 3962 ludum
3583 3897 3928 3964 Macrino

2383 3992 2453 4054 in
2491 3993 2850 4078 imperium
2914 3993 3236 4071 intrusus,
3320 4007 3387 4057 et
3440 4014 3562 4079 per
3615 3992 3926 4060 necersi-

2382 4098 2594 4150 tatem
2633 4086 2942 4172 agnitus,
2996 4108 3149 4152 cum
3216 4111 3380 4154 mox
3439 4086 3582 4175 post
3635 4088 3931 4158 aditam

2375 4182 2703 4245 summam
2760 4185 3159 4270 dignitatem
3199 4185 3566 4250 conciliare
3614 4182 3729 4248 fibi
3778 4206 3935 4272 po·-

767 4283 845 4351 Ρ.
897 4284 996 4350 Μ.
1040 4284 1194 4349 TR.
1231 4283 1308 4348 Ρ.
1342 4278 1497 4344 1111.
1538 4278 1728 4344 COS.
1765 4278 1885 4345 111.
1925 4278 2003 4343 P.
2043 4277 2123 4341 P.
2172 4296 2290 4342 va·
2375 4277 2692 4365 pulcrum
2732 4276 2943 4371 studia
2978 4303 3099 4375 per
3139 4281 3629 4346 moderationis
3661 4293 3731 4344 et
3765 4283 3929 4348 vir-

842 4520 905 4582 a)
936 4523 992 4571 in
1033 4480 1187 4588 Eiag.
1225 4538 1273 4580 e.
1317 4541 1361 4577 ι.
1588 4515 1651 4580 b)
1689 4518 1748 4567 in
1784 4516 1981 4578 Carae.
2017 4518 2186 4571 οἶιι.
2423 4520 2473 4577 e)
2516 4518 2623 4571 Dio
2663 4520 2729 4574 L.
2768 4521 3038 4575 Lxxlx.
3077 4523 3109 4590 ς
3154 4539 3233 4577 ιι.
3345 4484 3351 4495 ⁴
3466 4521 3526 4583 d)
3566 4525 3620 4572 in
3658 4520 3931 4595 Ειιςιὶι,

771 4590 831 4657 ο)
863 4591 928 4643 itt
959 4587 1235 4649 suasano,
1426 4584 1471 4655 f)
1507 4584 1643 4655 Peg.
1683 4599 1838 4654 1113·
1878 4602 1930 4656 4.
2102 4590 2159 4657 g)
2198 4586 2265 4640 L.
2307 4587 2577 4644 Lxxlx.
2614 4590 2644 4659 5
2681 4605 2735 4663 3.
2909 4590 2971 4659 h)
3014 4590 3126 4645 Dio
3162 4592 3230 4648 L.
3267 4591 3536 4647 Lxxlx.
3570 4590 3602 4661 §
3642 4605 3728 4644 ao.
