4242 5459
916 564 1033 640 M.
1135 566 1814 642 AVRELIVS
1915 563 2743 642 ANTONINVs.
3205 577 3373 660 ,⁶7

309 782 557 854 cogente
601 769 888 844 nemine,
944 764 1051 830 sed
1092 767 1276 829 nullo
1312 768 1516 829 etiam
1562 765 1785 829 adhuc
2165 767 2365 850 Caput
2383 764 2753 846 laureatum,
2802 765 3379 835 inAR.etAE.IJ.

308 865 591 949 exemplo
638 864 749 925 sibi
795 865 860 924 in
904 865 1189 947 imperio
1244 864 1596 946 conlegam
1642 865 1787 940 jun·
2435 913 2465 942 ,
2617 860 2646 888 ¹⁵
2995 875 3006 883 “

306 964 428 1035 xit,
476 961 654 1042 quod
694 959 927 1022 uxoris
970 957 1323 1021 Faustinae
1379 958 1664 1020 effrenes
1711 958 1786 1018 li·
2171 958 2263 1024 Vt
2292 957 2387 1022 lit.
2423 959 2507 1024 B.

306 1057 541 1119 bidines
589 1074 838 1140 magno
880 1073 1031 1116 cum
1091 1055 1249 1132 suo,
1330 1066 1469 1116 tum
1518 1052 1787 1138 imperii
1867 1052 2018 1116 ΤΒ.
2080 1054 2156 1115 Ρ.
2204 1055 2599 1118 XXXXIHI.
2654 1054 2842 1118 IMP.
2887 1058 2971 1119 X.
3025 1054 3216 1123 COS.
3269 1060 3381 1122 111.

305 1153 608 1215 dedecore
644 1152 920 1234 impune
966 1150 1160 1227 tulit,
1212 1161 1565 1231 utrumque
1617 1167 1785 1211 vero
1866 1148 1939 1211 P.
1994 1150 2069 1213 P.
2125 1152 2289 1234 typis
2325 1153 2549 1215 variis.
2602 1151 2747 1217 AR.
2797 1153 2940 1218 AE.
2991 1153 3079 1217 11.

300 1245 427 1336 post
459 1259 767 1310 exactam
814 1248 987 1310 inter
1035 1243 1297 1330 flagitia
1329 1246 1544 1306 vitam
1588 1245 1786 1307 divo-

300 1343 439 1406 rum'
468 1343 722 1408 honore
754 1339 1043 1414 adfecit3
1098 1341 1282 1423 quod
1330 1338 1542 1402 filium
1583 1338 1783 1403 Com-
2062 1338 2195 1404 DI
2218 1340 2464 1407 VVS
2569 1339 2804 1410 AVR
2827 1343 3193 1412 ELIVS.

300 1440 552 1503 modum
614 1438 840 1501 adhuc
900 1455 1186 1522 puerum
1239 1455 1377 1499 non
1438 1437 1645 1499 modo
1693 1438 1786 1499 ad
1961 1434 2067 1497 De
2108 1438 2250 1516 ejus
2298 1435 2442 1521 post
2492 1437 2752 1500 obitum
2803 1440 2985 1502 cultu
3027 1439 3198 1504 haec
3261 1439 3391 1506 Ca·

304 1534 733 1614 consulatum,
812 1533 925 1596 sed
992 1533 1200 1595 etiam
1253 1533 1652 1615 imperium,
1720 1545 1788 1595 et
1844 1531 2235 1614 pitolinus:
2285 1553 2515 1614 parum
2544 1534 2682 1612 saeue
2707 1535 2889 1618 fuit,
2939 1536 3107 1619 quod
3150 1537 3236 1602 ilfi
3276 1536 3384 1602 ho-

304 1633 484 1716 ipsum
536 1632 752 1694 Patris
821 1629 1092 1691 Patriae
1153 1628 1531 1702 honorem,
1583 1649 1782 1711 quem
1865 1645 2055 1690 nores
2101 1625 2352 1691 divinos
2398 1632 2598 1692 omnis
2642 1638 2864 1707 aetas,
2915 1634 3119 1695 omm's
3151 1635 3387 1716 fixas,

228 1723 237 1732 ’
302 1728 419 1811 ipse
452 1724 691 1789 nonnisi
738 1726 883 1788 sero
914 1721 1209 1798 admisit,
1260 1728 1400 1805 jam
1424 1722 1785 1810 perspectis
1869 1723 2067 1800 omnis
2094 1722 2384 1800 conditio,
2436 1744 2510 1786 ae
2533 1723 2820 1808 dignitas
2851 1725 3041 1802 dedit,
3094 1727 3204 1814 nest
3225 1729 3393 1813 quod

174 1882 185 1890 .
304 1826 424 1904 ejus
467 1822 893 1907 opprobriis,
961 1821 1029 1882 'et
1075 1820 1219 1881 vita
1262 1821 1530 1903 impura
1581 1840 1784 1883 voca·
1868 1820 2053 1880 etiam
2068 1818 2420 1903 sacrilegus
2441 1820 2767 1906 judicatus
2797 1823 2908 1906 est,
2961 1825 3068 1907 qui
3088 1824 3387 1908 ejusima-

302 1920 421 1994 vit,
466 1920 530 1980 id
567 1917 842 2000 quidem
895 1920 1035 1997 ejus
1072 1915 1357 1995 lenitati,
1409 1926 1477 1976 et
1525 1916 1592 1978 in
1630 1915 1786 1992 suos
1861 1916 2071 1997 ginem
2109 1917 2177 1976 ἐκ
2210 1913 2391 1979 domo
2416 1916 2542 2000 sica
2584 1936 2709 1979 non
2755 1914 2976 1982 habuit
3026 1955 3052 1968 ·
3104 1956 3135 1969 -
3193 1957 3208 1972 ·
3262 1921 3388 1987 De-

308 2013 726 2097 indulgentiae
765 2010 1190 2074 tribuendum
1218 2057 1237 2084 ‚
1292 2008 1398 2073 sed
1440 2030 1573 2094 qua
1622 2013 1784 2074 sem·
1864 2013 2048 2094 nique
2082 2007 2375 2094 hodieque
2403 2013 2472 2075 in
2509 2012 2720 2075 multis
2744 2011 3027 2077 domibus
3056 2016 3157 2081 M.
3183 2017 3393 2084 Anto·

307 2111 605 2192 piternam
659 2107 1058 2194 praeclarae
1110 2106 1262 2168 suae
1318 2109 1502 2169 vitae
1557 2127 1783 2170 macu·
1865 2105 2258 2191 ninistatuae
2301 2108 2614 2193 consistunt
2662 2110 2830 2171 inter
2892 2110 3038 2173 deos
3088 2123 3389 2195 penates,

307 2203 428 2266 lam
505 2205 766 2283 inussit,
865 2204 1155 2286 imperio
1231 2222 1397 2265 vero
1478 2223 1598 2285 per
1662 2202 1783 2265 fili.
1863 2220 1970 2262 nee
2018 2200 2350 2283 defuerunt
2420 2200 2729 2278 homines,
2796 2206 2905 2287 qai
2938 2205 3201 2290 fhmm'e's
3253 2229 3389 2274 eum

317 2317 409 2359 um
442 2298 851 2363 successorem
912 2297 1321 2382 gravissima·
1373 2298 1557 2361 mala
1608 2300 1784 2360 acci.
1866 2295 2065 2357 multa
2100 2295 2474 2382 praedixtffl·
2503 2297 2778 2382 futura,
2826 2309 2887 2362 et
2917 2319 3070 2364 vera
3105 2307 3388 2368 concinu-

323 2394 419 2458 vit.
477 2398 558 2457 Vt
610 2396 974 2481 imperavit
1018 2396 1087 2455 in
1153 2414 1388 2456 amore
1441 2395 1783 2477 omnium,
1864 2400 2063 2454 erunt.
2124 2388 2194 2453 V
2187 2387 2303 2452 nde
2330 2394 2516 2453 etiam
2553 2392 2835 2474 templum
2875 2398 2931 2456 ee·
2980 2399 3384 2482 constitutum,

320 2488 405 2550 ita
434 2489 674 2555 sinceris
706 2509 976 2575 quoque
1013 2489 1101 2552 ab
1141 2489 1455 2553 omnibus
1483 2488 1783 2554 lacrimis
1866 2487 2002 2550 dati
2017 2484 2373 2569 sacerdotes
2398 2486 2852 2564 Antoniniani,
2895 2498 2957 2552 et
2981 2492 3275 2579 fhdales,
3328 2503 3390 2559 et

317 2588 516 2647 mortis
553 2589 829 2649 nuncius
871 2582 957 2646 est
1003 2598 1348 2670 acceptus,
1398 2606 1559 2650 nam
1598 2588 1782 2671 vigu.
1849 2583 2182 2666 flamines,
2234 2590 2293 2645 et
2328 2583 2572 2659 omnio,
2622 2602 2780 2668 quae
2839 2584 2914 2648 de
2953 2588 3233 2673 sacratis
3277 2589 3387 2655 cte-

318 2677 367 2741 it
398 2701 465 2744 eo
498 2684 862 2767 imperante
897 2700 1003 2743 res
1040 2681 1394 2766 Romana,
1448 2693 1520 2746 ut
1560 2683 1782 2746 secun.
1864 2681 2057 2742 crevit
2096 2679 2464 2763 antiqeee’tas.
2532 2743 2538 2752 ,

325 2774 452 2836 dum
510 2779 803 2841 Platonis
868 2773 1257 2853 oraculum,
1332 2798 1472 2864 quo
1537 2791 1606 2843 et
1645 2779 1782 2865 ipse
2155 2773 2558 2841 DIVVSMM
2580 2750 3137 2845 ANTONINVS.
3163 2781 3384 2849 PIVS.

322 2865 661 2954 frequenter
693 2874 843 2936 usus
881 2870 1008 2949 est,
1062 2874 1288 2960 vigere
1333 2875 1609 2953 debuit,
1678 2880 1784 2940 ni·
2180 2871 2382 2955 Caput
2426 2869 2680 2936 nudum.
3491 2929 3502 2943 ,

322 2966 523 3030 mirum
558 2968 796 3033 florere
841 2969 1154 3031 civitates
1197 3014 1216 3044 ,
1262 2969 1302 3031 fi
1341 2983 1456 3034 aut
1493 2969 1781 3055 philoso
1867 2965 2532 3033 CONSECRATIO.
2563 2968 2804 3054 Aquita
2819 2974 3001 3036 vario
3027 2974 3164 3053 fita,
3196 2975 3386 3039 etiam

316 3059 455 3141 phi
436 3077 832 3150 imperarent
856 3110 876 3142 ‚
929 3077 1048 3125 aut
1080 3066 1526 3149 imperatores
1565 3066 1784 3151 philo·
1866 3067 2301 3147 imperatorem
2323 3063 2584 3149 sublime
2613 3065 2889 3151 effer-enm
2913 3069 3253 3153 —Rogus
3277 3103 3376 3119 --

317 3154 733 3239 sophat-entur.
784 3161 944 3238 Ejus
998 3163 1253 3241 vitam,
1319 3173 1387 3224 et
1425 3182 1529 3225 res
1556 3161 1784 3247 gestas
1868 3163 2228 3245 Imperator
2264 3162 2344 3222 in·
2375 3160 2712 3244 quadrigis
2759 3160 3238 3246 elephantorum.
3309 3166 3387 3229 In

317 3248 579 3337 scripsere
620 3255 1088 3341 Capitolium,
1161 3253 1224 3337 ⁸)
1276 3257 1668 3336 Vulcatius,
1721 3248 1785 3341 b)
1869 3258 2056 3319 omni
2098 3256 2419 3331 metallo,
2472 3267 2540 3316 et
2583 3254 2833 3322 forma.

316 3342 451 3411 Dio.
496 3348 552 3432 e)
1964 3353 2085 3414 ΡΠ
2151 3371 2445 3427 nomen,
2534 3352 2718 3433 quod
2781 3354 2945 3415 vivo
2997 3355 3273 3418 Aurelio
3315 3357 3384 3419 in

398 3446 566 3509 onr
603 3449 932 3533 Faustina,
986 3447 1071 3509 de
1110 3467 1283 3530 qua,
1350 3461 1417 3512 et
1475 3447 1785 3531 susceptis
1868 3458 2146 3510 moneta
2174 3448 2408 3508 datum
2447 3465 2580 3507 non
2615 3443 2726 3525 est,
2776 3446 2886 3508 etsi
2931 3451 3383 3531 pet-adoptio.

323 3556 389 3600 ex
420 3559 493 3604 ea
530 3544 756 3606 liberis
791 3554 1027 3627 agetur
1067 3544 1133 3604 in
1169 3544 1359 3624 hujus
1398 3545 1641 3605 numis.
1869 3546 2147 3624 nemjus
2191 3544 2258 3602 in
2305 3539 2469 3601 illud
2507 3539 2784 3617 habuit,
2838 3544 2899 3602 ei
2940 3543 3009 3602 in
3046 3543 3383 3628 omnibuS,

396 3635 526 3701 Hac
560 3653 826 3701 mortua
870 3638 1317 3700 concubinam
1344 3637 1459 3699 fibi
1483 3637 1788 3721 adscivit,
1869 3658 1953 3700 ac
1981 3636 2267 3720 copiosis
2294 3632 2816 3698 consecrationis
2850 3636 3071 3698 numis
3111 3656 3155 3701 a
3186 3636 3384 3702 Com·

327 3744 390 3791 ne
414 3743 501 3796 tot
529 3735 754 3799 liberis
788 3752 1154 3796 novercam
1195 3734 1560 3817 induceret.
1602 3722 1658 3810 ἆ)
1868 3735 2078 3795 modo
2112 3730 2378 3815 signatis
2416 3727 2715 3854 delatum
2751 3728 2863 3796 est.

1011 3827 1041 3859 Ω

327 3912 405 3985 A.
564 3928 661 3990 Μ.
687 3926 1009 3993 AVREL.
1026 3923 1571 3988 ANTONINVS.
1581 3921 1789 3992 AVG.
2156 3922 2405 3986 DIVO.
2433 3922 2654 3987 MAR.
2684 3923 3195 3991 ANTONINO.
3269 3926 3384 3993 Ca·

565 4024 712 4085 ΤΒ
741 4021 1165 4086 P.xxx1111.
1223 4023 1423 4106 Caput
1441 4020 1790 4086 laureatum
2153 4029 2276 4103 put
2321 4020 2660 4083 radiatam.

542 4122 651 4184 in
686 4119 835 4182 ΑΕ.
895 4118 1001 4196 1.,
1081 4123 1266 4182 etiam
1328 4121 1651 4183 radiatum
1723 4120 1792 4183 in
1872 4113 2084 4179 AVG.
2117 4115 2542 4180 PARENTt.
2569 4115 2763 4180 SVO.
2814 4118 3021 4202 Eques
3045 4137 3235 4183 mana
3267 4117 3385 4183 ela—

568 4218 717 4280 AE.
768 4215 869 4278 II.
1873 4225 1960 4277 ta.
2016 4210 2161 4274 ΑΕ.
2201 4216 2278 4275 u.
2332 4209 2569 4285 (Panel
2605 4208 3385 4278 Cata1.1eBret.Theu-

326 4291 398 4367 Β.
560 4309 1003 4376 MAVREL.
1030 4307 1795 4385 ANTONINVS.AVG,
1873 4308 2057 4394 poli,
2110 4307 2396 4370 Pellerin
2426 4306 2597 4370 Mel.
2637 4307 2689 4369 1.
2723 4327 2791 4391 p.
2838 4306 3039 4390 2¹3⁰)

317 4433 1246 4464 Μ

378 4512 427 4574 a)
457 4517 507 4567 in
540 4518 800 4584 Aurelio,
840 4527 894 4569 et
929 4517 1095 4571 Vero.
1292 4515 1348 4579 b)
1384 4518 1439 4566 in
1480 4513 1681 4568 Avidio
1719 4516 1928 4580 Cassio,
2119 4519 2167 4583 c)
2207 4516 2270 4567 L.
2309 4472 2524 4567 Lxxi.
2722 4511 2779 4578 d)
2828 4513 3123 4653 Cilpitolin.
3225 4485 3236 4495 ⁸

2024 4601 2034 4609 ”
2951 4609 2990 4652 2
