<?xml version="1.0" encoding="UTF-8"?>
<!DOCTYPE html PUBLIC "-//W3C//DTD XHTML 1.0 Transitional//EN"
    "http://www.w3.org/TR/xhtml1/DTD/xhtml1-transitional.dtd">
<html xmlns="http://www.w3.org/1999/xhtml" xml:lang="en" lang="en">
 <head>
  <title>
</title>
<meta http-equiv="Content-Type" content="text/html;charset=utf-8" />
  <meta name='ocr-system' content='tesseract 3.04.00' />
  <meta name='ocr-capabilities' content='ocr_page ocr_carea ocr_par ocr_line ocrx_word'/>
</head>
<body>
  <div class='ocr_page' id='page_1' title='image "./doctrinanumorum03unkngoog/doctrinanumorum03unkngoog_0146.png"; bbox 0 0 4242 5459; ppageno 0'>
   <div class='ocr_carea' id='block_1_1' title="bbox 842 553 995 630">
    <p class='ocr_par' dir='ltr' id='par_1_1' title="bbox 842 553 995 630">
     <span class='ocr_line' id='line_1_1' title="bbox 842 553 995 630; baseline 0.026 -10"><span class='ocrx_word' id='word_1_1' title='bbox 842 553 995 630; x_wconf 75' lang='lat'>134.</span> 
     </span>
    </p>
   </div>
   <div class='ocr_carea' id='block_1_2' title="bbox 839 729 2382 2822">
    <p class='ocr_par' dir='ltr' id='par_1_2' title="bbox 839 729 2382 2822">
     <span class='ocr_line' id='line_1_2' title="bbox 848 729 2364 823; baseline -0.001 -22"><span class='ocrx_word' id='word_1_2' title='bbox 848 737 1085 823; x_wconf 84' lang='lat' dir='ltr'>Cingio</span> <span class='ocrx_word' id='word_1_3' title='bbox 1154 734 1445 810; x_wconf 74' lang='lat' dir='ltr'>Severo,</span> <span class='ocrx_word' id='word_1_4' title='bbox 1528 734 1661 818; x_wconf 76' lang='lat' dir='ltr'>ejas</span> <span class='ocrx_word' id='word_1_5' title='bbox 1711 729 2043 800; x_wconf 80' lang='lat' dir='ltr'>abolendas</span> <span class='ocrx_word' id='word_1_6' title='bbox 2069 731 2364 820; x_wconf 66' lang='lat' dir='ltr'>statuas,</span> 
     </span>
     <span class='ocr_line' id='line_1_3' title="bbox 846 830 2369 921; baseline -0.003 -23"><span class='ocrx_word' id='word_1_7' title='bbox 846 854 1002 921; x_wconf 71' lang='lat' dir='ltr'>quae</span> <span class='ocrx_word' id='word_1_8' title='bbox 1036 833 1301 915; x_wconf 80' lang='lat' dir='ltr'>undique</span> <span class='ocrx_word' id='word_1_9' title='bbox 1342 830 1535 914; x_wconf 79' lang='lat' dir='ltr'>sunt,</span> <span class='ocrx_word' id='word_1_10' title='bbox 1580 849 1909 914; x_wconf 76' lang='lat' dir='ltr'><em>nomenque</em></span> <span class='ocrx_word' id='word_1_11' title='bbox 1955 851 2036 895; x_wconf 83' lang='lat' dir='ltr'>ex</span> <span class='ocrx_word' id='word_1_12' title='bbox 2085 830 2369 895; x_wconf 73' lang='lat' dir='ltr'>omnibus</span> 
     </span>
     <span class='ocr_line' id='line_1_4' title="bbox 839 926 2367 1016; baseline -0.003 -22"><span class='ocrx_word' id='word_1_13' title='bbox 839 931 1156 1016; x_wconf 80' lang='lat' dir='ltr'>privatis,</span> <span class='ocrx_word' id='word_1_14' title='bbox 1203 926 1585 1010; x_wconf 78' lang='lat' dir='ltr'><em>publicisque</em></span> <span class='ocrx_word' id='word_1_15' title='bbox 1642 931 2045 990; x_wconf 76' lang='lat' dir='ltr'><em>monumentis</em></span> <span class='ocrx_word' id='word_1_16' title='bbox 2109 927 2367 990; x_wconf 81' lang='lat' dir='ltr'>eraden-</span> 
     </span>
     <span class='ocr_line' id='line_1_5' title="bbox 845 1017 2363 1103; baseline -0.006 -12"><span class='ocrx_word' id='word_1_17' title='bbox 845 1026 1016 1099; x_wconf 81' lang='lat' dir='ltr'>dum,</span> <span class='ocrx_word' id='word_1_18' title='bbox 1073 1022 1134 1103; x_wconf 74' lang='lat'>³)</span> <span class='ocrx_word' id='word_1_19' title='bbox 1187 1022 1511 1085; x_wconf 84' lang='lat' dir='ltr'>saevitum</span> <span class='ocrx_word' id='word_1_20' title='bbox 1544 1017 1633 1081; x_wconf 88' lang='lat' dir='ltr'>est</span> <span class='ocrx_word' id='word_1_21' title='bbox 1685 1024 1983 1083; x_wconf 88' lang='lat' dir='ltr'>etiamin</span> <span class='ocrx_word' id='word_1_22' title='bbox 2017 1034 2363 1084; x_wconf 82' lang='lat' dir='ltr'>monetam</span> 
     </span>
     <span class='ocr_line' id='line_1_6' title="bbox 849 1115 2364 1201; baseline -0.004 -17"><span class='ocrx_word' id='word_1_23' title='bbox 849 1125 987 1201; x_wconf 76' lang='lat' dir='ltr'>eius</span> <span class='ocrx_word' id='word_1_24' title='bbox 1027 1137 1305 1181; x_wconf 78' lang='lat' dir='ltr'>auream</span> <span class='ocrx_word' id='word_1_25' title='bbox 1332 1163 1350 1192; x_wconf 94' lang='lat'>,</span> <span class='ocrx_word' id='word_1_26' title='bbox 1430 1115 1713 1198; x_wconf 84' lang='lat' dir='ltr'><strong>perinde</strong></span> <span class='ocrx_word' id='word_1_27' title='bbox 1769 1136 1850 1178; x_wconf 87' lang='lat' dir='ltr'>ac</span> <span class='ocrx_word' id='word_1_28' title='bbox 1893 1118 2053 1178; x_wconf 88' lang='lat' dir='ltr'>olim</span> <span class='ocrx_word' id='word_1_29' title='bbox 2098 1119 2364 1180; x_wconf 84' lang='lat' dir='ltr'>senatus</span> 
     </span>
     <span class='ocr_line' id='line_1_7' title="bbox 850 1200 2363 1293; baseline -0.005 -13"><span class='ocrx_word' id='word_1_30' title='bbox 850 1213 1131 1280; x_wconf 85' lang='lat' dir='ltr'>conflari</span> <span class='ocrx_word' id='word_1_31' title='bbox 1156 1230 1403 1275; x_wconf 87' lang='lat' dir='ltr'>aeneos</span> <span class='ocrx_word' id='word_1_32' title='bbox 1424 1209 1777 1293; x_wconf 83' lang='lat' dir='ltr'>Caligulae</span> <span class='ocrx_word' id='word_1_33' title='bbox 1809 1231 2049 1273; x_wconf 85' lang='lat' dir='ltr'>numos</span> <span class='ocrx_word' id='word_1_34' title='bbox 2068 1213 2280 1293; x_wconf 87' lang='lat' dir='ltr'>jussit,</span> <span class='ocrx_word' id='word_1_35' title='bbox 2296 1200 2363 1292; x_wconf 80' lang='lat' dir='ltr'>b)</span> 
     </span>
     <span class='ocr_line' id='line_1_8' title="bbox 851 1303 2364 1393; baseline -0.005 -18"><span class='ocrx_word' id='word_1_36' title='bbox 851 1325 1056 1393; x_wconf 86' lang='lat' dir='ltr'>atque</span> <span class='ocrx_word' id='word_1_37' title='bbox 1116 1327 1387 1370; x_wconf 83' lang='lat' dir='ltr'>omnem</span> <span class='ocrx_word' id='word_1_38' title='bbox 1443 1303 1673 1368; x_wconf 85' lang='lat' dir='ltr'>fratris</span> <span class='ocrx_word' id='word_1_39' title='bbox 1731 1304 1945 1370; x_wconf 88' lang='lat' dir='ltr'>Getae</span> <span class='ocrx_word' id='word_1_40' title='bbox 2018 1319 2364 1369; x_wconf 82' lang='lat' dir='ltr'><strong>monetam</strong></span> 
     </span>
     <span class='ocr_line' id='line_1_9' title="bbox 849 1401 2367 1487; baseline -0.003 -17"><span class='ocrx_word' id='word_1_41' title='bbox 849 1403 1259 1470; x_wconf 81' lang='lat' dir='ltr'>Caracalla?</span> <span class='ocrx_word' id='word_1_42' title='bbox 1304 1404 1731 1485; x_wconf 87' lang='lat' dir='ltr'>Non-parum</span> <span class='ocrx_word' id='word_1_43' title='bbox 1763 1401 1971 1479; x_wconf 86' lang='lat' dir='ltr'>haec,</span> <span class='ocrx_word' id='word_1_44' title='bbox 2023 1423 2199 1487; x_wconf 89' lang='lat' dir='ltr'>quae</span> <span class='ocrx_word' id='word_1_45' title='bbox 2231 1422 2367 1465; x_wconf 88' lang='lat' dir='ltr'>me-</span> 
     </span>
     <span class='ocr_line' id='line_1_10' title="bbox 846 1496 2370 1584; baseline -0.003 -19"><span class='ocrx_word' id='word_1_46' title='bbox 846 1500 1163 1584; x_wconf 84' lang='lat' dir='ltr'>moravi,</span> <span class='ocrx_word' id='word_1_47' title='bbox 1235 1497 1464 1559; x_wconf 78' lang='lat' dir='ltr'>valere</span> <span class='ocrx_word' id='word_1_48' title='bbox 1504 1496 1594 1559; x_wconf 89' lang='lat' dir='ltr'>ad</span> <span class='ocrx_word' id='word_1_49' title='bbox 1640 1499 2061 1581; x_wconf 83' lang='lat' dir='ltr'>praesentem</span> <span class='ocrx_word' id='word_1_50' title='bbox 2097 1498 2370 1561; x_wconf 83' lang='lat' dir='ltr'>causam</span> 
     </span>
     <span class='ocr_line' id='line_1_11' title="bbox 850 1592 2366 1684; baseline -0.001 -25"><span class='ocrx_word' id='word_1_51' title='bbox 850 1597 1148 1684; x_wconf 81' lang='lat' dir='ltr'>possent,</span> <span class='ocrx_word' id='word_1_52' title='bbox 1204 1592 1310 1655; x_wconf 88' lang='lat' dir='ltr'>sed</span> <span class='ocrx_word' id='word_1_53' title='bbox 1343 1604 1573 1656; x_wconf 88' lang='lat' dir='ltr'>tamen</span> <span class='ocrx_word' id='word_1_54' title='bbox 1596 1596 1737 1676; x_wconf 88' lang='lat' dir='ltr'>ejus</span> <span class='ocrx_word' id='word_1_55' title='bbox 1774 1594 1843 1656; x_wconf 89' lang='lat' dir='ltr'>in</span> <span class='ocrx_word' id='word_1_56' title='bbox 1886 1614 2055 1657; x_wconf 87' lang='lat' dir='ltr'>auro</span> <span class='ocrx_word' id='word_1_57' title='bbox 2090 1595 2366 1679; x_wconf 77' lang='lat' dir='ltr'>inopiae</span> 
     </span>
     <span class='ocr_line' id='line_1_12' title="bbox 848 1688 2368 1772; baseline -0.003 -16"><span class='ocrx_word' id='word_1_58' title='bbox 848 1694 1032 1766; x_wconf 84' lang='lat' dir='ltr'>ratio</span> <span class='ocrx_word' id='word_1_59' title='bbox 1067 1690 1268 1751; x_wconf 89' lang='lat' dir='ltr'>altius</span> <span class='ocrx_word' id='word_1_60' title='bbox 1294 1688 1611 1772; x_wconf 88' lang='lat' dir='ltr'>petenda.</span> <span class='ocrx_word' id='word_1_61' title='bbox 1663 1689 1927 1752; x_wconf 86' lang='lat' dir='ltr'>Etenim</span> <span class='ocrx_word' id='word_1_62' title='bbox 1966 1691 2202 1767; x_wconf 89' lang='lat' dir='ltr'>vide0,</span> <span class='ocrx_word' id='word_1_63' title='bbox 2228 1710 2368 1752; x_wconf 88' lang='lat' dir='ltr'>mo·</span> 
     </span>
     <span class='ocr_line' id='line_1_13' title="bbox 852 1786 2364 1868; baseline -0.003 -17"><span class='ocrx_word' id='word_1_64' title='bbox 852 1800 1083 1851; x_wconf 85' lang='lat' dir='ltr'>netam</span> <span class='ocrx_word' id='word_1_65' title='bbox 1137 1802 1412 1845; x_wconf 80' lang='lat' dir='ltr'>auream</span> <span class='ocrx_word' id='word_1_66' title='bbox 1450 1832 1468 1864; x_wconf 92' lang='lat'>‚</span> <span class='ocrx_word' id='word_1_67' title='bbox 1540 1803 1715 1865; x_wconf 85' lang='lat' dir='ltr'>quae</span> <span class='ocrx_word' id='word_1_68' title='bbox 1747 1786 1981 1868; x_wconf 88' lang='lat' dir='ltr'>primis</span> <span class='ocrx_word' id='word_1_69' title='bbox 2029 1787 2364 1868; x_wconf 82' lang='lat' dir='ltr'>imperan-</span> 
     </span>
     <span class='ocr_line' id='line_1_14' title="bbox 851 1878 2367 1963; baseline -0.002 -18"><span class='ocrx_word' id='word_1_70' title='bbox 851 1885 942 1945; x_wconf 86' lang='lat' dir='ltr'>tis</span> <span class='ocrx_word' id='word_1_71' title='bbox 978 1878 1234 1942; x_wconf 82' lang='lat' dir='ltr'>Aurelii</span> <span class='ocrx_word' id='word_1_72' title='bbox 1300 1879 1490 1940; x_wconf 88' lang='lat' dir='ltr'>annis</span> <span class='ocrx_word' id='word_1_73' title='bbox 1534 1878 1745 1941; x_wconf 89' lang='lat' dir='ltr'>obvia</span> <span class='ocrx_word' id='word_1_74' title='bbox 1796 1878 1918 1958; x_wconf 87' lang='lat' dir='ltr'>est,</span> <span class='ocrx_word' id='word_1_75' title='bbox 1993 1900 2114 1963; x_wconf 90' lang='lat' dir='ltr'>per</span> <span class='ocrx_word' id='word_1_76' title='bbox 2153 1899 2367 1942; x_wconf 87' lang='lat' dir='ltr'>annos</span> 
     </span>
     <span class='ocr_line' id='line_1_15' title="bbox 856 1973 2368 2061; baseline -0.002 -21"><span class='ocrx_word' id='word_1_77' title='bbox 856 1981 1203 2061; x_wconf 81' lang='lat' dir='ltr'>sequentes</span> <span class='ocrx_word' id='word_1_78' title='bbox 1240 1974 1339 2035; x_wconf 84' lang='lat' dir='ltr'>ita</span> <span class='ocrx_word' id='word_1_79' title='bbox 1372 1973 1594 2035; x_wconf 79' lang='lat' dir='ltr'>sensim</span> <span class='ocrx_word' id='word_1_80' title='bbox 1627 1973 1939 2057; x_wconf 87' lang='lat' dir='ltr'>deficere,</span> <span class='ocrx_word' id='word_1_81' title='bbox 1989 1987 2063 2037; x_wconf 89' lang='lat' dir='ltr'>ut</span> <span class='ocrx_word' id='word_1_82' title='bbox 2086 1995 2368 2039; x_wconf 88' lang='lat' dir='ltr'>aureum</span> 
     </span>
     <span class='ocr_line' id='line_1_16' title="bbox 858 2069 2369 2156; baseline -0.003 -19"><span class='ocrx_word' id='word_1_83' title='bbox 858 2077 997 2154; x_wconf 72' lang='lat' dir='ltr'>ejus</span> <span class='ocrx_word' id='word_1_84' title='bbox 1049 2089 1322 2133; x_wconf 91' lang='lat' dir='ltr'>numum</span> <span class='ocrx_word' id='word_1_85' title='bbox 1379 2071 1498 2131; x_wconf 85' lang='lat' dir='ltr'>vix</span> <span class='ocrx_word' id='word_1_86' title='bbox 1544 2071 1839 2152; x_wconf 88' lang='lat' dir='ltr'>reperire</span> <span class='ocrx_word' id='word_1_87' title='bbox 1894 2070 1987 2133; x_wconf 79' lang='lat' dir='ltr'>sit·</span> <span class='ocrx_word' id='word_1_88' title='bbox 2021 2069 2369 2156; x_wconf 80' lang='lat' dir='ltr'>postremis</span> 
     </span>
     <span class='ocr_line' id='line_1_17' title="bbox 858 2166 2374 2250; baseline -0.003 -17"><span class='ocrx_word' id='word_1_89' title='bbox 858 2170 1097 2244; x_wconf 54' lang='lat' dir='ltr'>annm,</span> <span class='ocrx_word' id='word_1_90' title='bbox 1152 2166 1393 2250; x_wconf 90' lang='lat' dir='ltr'>quibus</span> <span class='ocrx_word' id='word_1_91' title='bbox 1440 2166 1801 2249; x_wconf 88' lang='lat' dir='ltr'>imperium</span> <span class='ocrx_word' id='word_1_92' title='bbox 1852 2168 2086 2230; x_wconf 88' lang='lat' dir='ltr'>tenuit.</span> <span class='ocrx_word' id='word_1_93' title='bbox 2191 2167 2374 2248; x_wconf 86' lang='lat' dir='ltr'>Quid</span> 
     </span>
     <span class='ocr_line' id='line_1_18' title="bbox 858 2259 2372 2348; baseline -0.003 -21"><span class='ocrx_word' id='word_1_94' title='bbox 858 2266 1041 2348; x_wconf 88' lang='lat' dir='ltr'>quod</span> <span class='ocrx_word' id='word_1_95' title='bbox 1086 2263 1316 2324; x_wconf 83' lang='lat' dir='ltr'>uxoris</span> <span class='ocrx_word' id='word_1_96' title='bbox 1375 2259 1728 2323; x_wconf 78' lang='lat' dir='ltr'>Faustinae</span> <span class='ocrx_word' id='word_1_97' title='bbox 1781 2263 2212 2325; x_wconf 86' lang='lat' dir='ltr'>consecratae</span> <span class='ocrx_word' id='word_1_98' title='bbox 2256 2282 2372 2338; x_wconf 39' lang='lat' dir='ltr'>nu„-</span> 
     </span>
     <span class='ocr_line' id='line_1_19' title="bbox 859 2356 2373 2443; baseline -0.003 -19"><span class='ocrx_word' id='word_1_99' title='bbox 859 2381 1087 2440; x_wconf 89' lang='lat' dir='ltr'>mum,</span> <span class='ocrx_word' id='word_1_100' title='bbox 1142 2356 1253 2419; x_wconf 87' lang='lat' dir='ltr'>etfi</span> <span class='ocrx_word' id='word_1_101' title='bbox 1302 2357 1371 2418; x_wconf 90' lang='lat' dir='ltr'>id</span> <span class='ocrx_word' id='word_1_102' title='bbox 1402 2377 1621 2441; x_wconf 16' lang='lat' dir='ltr'>‘genus</span> <span class='ocrx_word' id='word_1_103' title='bbox 1671 2359 1737 2420; x_wconf 91' lang='lat' dir='ltr'>in</span> <span class='ocrx_word' id='word_1_104' title='bbox 1781 2371 2063 2443; x_wconf 84' lang='lat' dir='ltr'>argento</span> <span class='ocrx_word' id='word_1_105' title='bbox 2106 2371 2175 2420; x_wconf 87' lang='lat' dir='ltr'>et</span> <span class='ocrx_word' id='word_1_106' title='bbox 2215 2378 2373 2421; x_wconf 85' lang='lat' dir='ltr'>aere</span> 
     </span>
     <span class='ocr_line' id='line_1_20' title="bbox 860 2451 2376 2539; baseline -0.003 -19"><span class='ocrx_word' id='word_1_107' title='bbox 860 2458 1143 2520; x_wconf 85' lang='lat' dir='ltr'>obvium</span> <span class='ocrx_word' id='word_1_108' title='bbox 1193 2451 1320 2528; x_wconf 85' lang='lat' dir='ltr'>est,</span> <span class='ocrx_word' id='word_1_109' title='bbox 1392 2472 1474 2514; x_wconf 88' lang='lat' dir='ltr'>ne</span> <span class='ocrx_word' id='word_1_110' title='bbox 1528 2472 1731 2515; x_wconf 88' lang='lat' dir='ltr'>unum</span> <span class='ocrx_word' id='word_1_111' title='bbox 1782 2456 2055 2539; x_wconf 90' lang='lat' dir='ltr'>quidem</span> <span class='ocrx_word' id='word_1_112' title='bbox 2097 2473 2376 2517; x_wconf 83' lang='lat' dir='ltr'>aureum</span> 
     </span>
     <span class='ocr_line' id='line_1_21' title="bbox 858 2548 2377 2636; baseline -0.005 -20"><span class='ocrx_word' id='word_1_113' title='bbox 858 2557 931 2617; x_wconf 88' lang='lat' dir='ltr'>in</span> <span class='ocrx_word' id='word_1_114' title='bbox 976 2548 1532 2636; x_wconf 84' lang='lat' dir='ltr'>opulentissimis,</span> <span class='ocrx_word' id='word_1_115' title='bbox 1586 2561 1654 2610; x_wconf 81' lang='lat' dir='ltr'>et</span> <span class='ocrx_word' id='word_1_116' title='bbox 1694 2551 1994 2634; x_wconf 88' lang='lat' dir='ltr'>optimae</span> <span class='ocrx_word' id='word_1_117' title='bbox 2030 2562 2237 2612; x_wconf 88' lang='lat' dir='ltr'>notae</span> <span class='ocrx_word' id='word_1_118' title='bbox 2269 2567 2377 2610; x_wconf 89' lang='lat' dir='ltr'>ca-</span> 
     </span>
     <span class='ocr_line' id='line_1_22' title="bbox 858 2643 2382 2731; baseline -0.007 -19"><span class='ocrx_word' id='word_1_119' title='bbox 858 2647 1108 2731; x_wconf 83' lang='lat' dir='ltr'>talogis</span> <span class='ocrx_word' id='word_1_120' title='bbox 1139 2665 1173 2723; x_wconf 91' lang='lat'>,·</span> <span class='ocrx_word' id='word_1_121' title='bbox 1211 2656 1278 2706; x_wconf 89' lang='lat' dir='ltr'>et</span> <span class='ocrx_word' id='word_1_122' title='bbox 1314 2664 1403 2707; x_wconf 83' lang='lat' dir='ltr'>ne</span> <span class='ocrx_word' id='word_1_123' title='bbox 1440 2643 1708 2725; x_wconf 89' lang='lat' dir='ltr'>quidem</span> <span class='ocrx_word' id='word_1_124' title='bbox 1748 2647 1827 2704; x_wconf 84' lang='lat' dir='ltr'>in</span> <span class='ocrx_word' id='word_1_125' title='bbox 1863 2643 2207 2705; x_wconf 88' lang='lat' dir='ltr'>uberrimo</span> <span class='ocrx_word' id='word_1_126' title='bbox 2235 2643 2382 2704; x_wconf 87' lang='lat' dir='ltr'>Me·</span> 
     </span>
     <span class='ocr_line' id='line_1_23' title="bbox 865 2735 2380 2822; baseline -0.007 -16"><span class='ocrx_word' id='word_1_127' title='bbox 865 2742 1204 2806; x_wconf 89' lang='lat' dir='ltr'>diobarbo</span> <span class='ocrx_word' id='word_1_128' title='bbox 1250 2741 1546 2822; x_wconf 87' lang='lat' dir='ltr'>reperire</span> <span class='ocrx_word' id='word_1_129' title='bbox 1584 2737 1782 2814; x_wconf 86' lang='lat' dir='ltr'>licet,</span> <span class='ocrx_word' id='word_1_130' title='bbox 1853 2737 2109 2798; x_wconf 82' lang='lat' dir='ltr'>tametsi</span> <span class='ocrx_word' id='word_1_131' title='bbox 2159 2735 2380 2798; x_wconf 81' lang='lat' dir='ltr'>conse-</span> 
     </span>
    </p>
   </div>
   <div class='ocr_carea' id='block_1_3' title="bbox 1986 528 2783 609">
    <p class='ocr_par' dir='ltr' id='par_1_3' title="bbox 1986 528 2783 609">
     <span class='ocr_line' id='line_1_24' title="bbox 1986 528 2783 609; baseline -0.003 -3"><span class='ocrx_word' id='word_1_132' title='bbox 1986 529 2057 606; x_wconf 86' lang='lat' dir='ltr'><strong>C</strong></span> <span class='ocrx_word' id='word_1_133' title='bbox 2083 530 2156 608; x_wconf 84' lang='lat' dir='ltr'>O</span> <span class='ocrx_word' id='word_1_134' title='bbox 2179 530 2274 606; x_wconf 83' lang='lat' dir='ltr'><strong>M</strong></span> <span class='ocrx_word' id='word_1_135' title='bbox 2295 528 2483 606; x_wconf 84' lang='lat' dir='ltr'>Mo</span> <span class='ocrx_word' id='word_1_136' title='bbox 2505 531 2581 606; x_wconf 92' lang='lat' dir='ltr'><strong>D</strong></span> <span class='ocrx_word' id='word_1_137' title='bbox 2605 530 2783 609; x_wconf 81' lang='lat' dir='ltr'>V.s;</span> 
     </span>
    </p>
   </div>
   <div class='ocr_carea' id='block_1_4' title="bbox 2441 728 3966 1486">
    <p class='ocr_par' dir='ltr' id='par_1_4' title="bbox 2441 728 3966 1486">
     <span class='ocr_line' id='line_1_25' title="bbox 2445 728 3966 808; baseline -0.003 -11"><span class='ocrx_word' id='word_1_138' title='bbox 2445 754 2627 797; x_wconf 81' lang='lat' dir='ltr'>auro</span> <span class='ocrx_word' id='word_1_139' title='bbox 2653 731 2876 808; x_wconf 88' lang='lat' dir='ltr'>numi,</span> <span class='ocrx_word' id='word_1_140' title='bbox 2933 728 3018 793; x_wconf 78' lang='lat' dir='ltr'>sic</span> <span class='ocrx_word' id='word_1_141' title='bbox 3065 742 3139 794; x_wconf 90' lang='lat' dir='ltr'>ut</span> <span class='ocrx_word' id='word_1_142' title='bbox 3171 730 3527 795; x_wconf 78' lang='lat' dir='ltr'>illustriora</span> <span class='ocrx_word' id='word_1_143' title='bbox 3564 730 3768 791; x_wconf 80' lang='lat' dir='ltr'>etiam</span> <span class='ocrx_word' id='word_1_144' title='bbox 3815 749 3966 792; x_wconf 69' lang='lat' dir='ltr'>mu-</span> 
     </span>
     <span class='ocr_line' id='line_1_26' title="bbox 2441 824 3962 911; baseline -0.005 -20"><span class='ocrx_word' id='word_1_145' title='bbox 2441 830 2593 911; x_wconf 88' lang='lat' dir='ltr'>sea,</span> <span class='ocrx_word' id='word_1_146' title='bbox 2644 847 2794 891; x_wconf 87' lang='lat' dir='ltr'>cum</span> <span class='ocrx_word' id='word_1_147' title='bbox 2839 845 3072 890; x_wconf 89' lang='lat' dir='ltr'>eorum</span> <span class='ocrx_word' id='word_1_148' title='bbox 3123 827 3451 890; x_wconf 83' lang='lat' dir='ltr'>senarium</span> <span class='ocrx_word' id='word_1_149' title='bbox 3503 828 3759 907; x_wconf 87' lang='lat' dir='ltr'>jactare</span> <span class='ocrx_word' id='word_1_150' title='bbox 3812 824 3962 906; x_wconf 84' lang='lat' dir='ltr'>pos-</span> 
     </span>
     <span class='ocr_line' id='line_1_27' title="bbox 2445 923 3966 1003; baseline -0.003 -19"><span class='ocrx_word' id='word_1_151' title='bbox 2445 924 2611 1002; x_wconf 85' lang='lat' dir='ltr'>sunt,</span> <span class='ocrx_word' id='word_1_152' title='bbox 2664 925 2819 986; x_wconf 83' lang='lat' dir='ltr'>satis</span> <span class='ocrx_word' id='word_1_153' title='bbox 2859 923 3077 985; x_wconf 84' lang='lat' dir='ltr'>videri</span> <span class='ocrx_word' id='word_1_154' title='bbox 3116 924 3478 985; x_wconf 83' lang='lat' dir='ltr'>nobilitata</span> <span class='ocrx_word' id='word_1_155' title='bbox 3517 933 3806 1003; x_wconf 86' lang='lat' dir='ltr'>queant,</span> <span class='ocrx_word' id='word_1_156' title='bbox 3856 932 3966 980; x_wconf 82' lang='lat' dir='ltr'>ta·</span> 
     </span>
     <span class='ocr_line' id='line_1_28' title="bbox 2446 1015 3966 1106; baseline -0.003 -26"><span class='ocrx_word' id='word_1_157' title='bbox 2446 1039 2597 1081; x_wconf 88' lang='lat' dir='ltr'>men</span> <span class='ocrx_word' id='word_1_158' title='bbox 2647 1019 2858 1081; x_wconf 84' lang='lat' dir='ltr'>solum</span> <span class='ocrx_word' id='word_1_159' title='bbox 2919 1022 3093 1106; x_wconf 84' lang='lat' dir='ltr'>regis</span> <span class='ocrx_word' id='word_1_160' title='bbox 3140 1017 3516 1080; x_wconf 85' lang='lat' dir='ltr'>Galliarum</span> <span class='ocrx_word' id='word_1_161' title='bbox 3578 1015 3966 1077; x_wconf 80' lang='lat' dir='ltr'>thesaurum</span> 
     </span>
     <span class='ocr_line' id='line_1_29' title="bbox 2443 1109 3960 1195; baseline -0.004 -20"><span class='ocrx_word' id='word_1_162' title='bbox 2443 1115 2813 1176; x_wconf 88' lang='lat' dir='ltr'>recondere</span> <span class='ocrx_word' id='word_1_163' title='bbox 2849 1128 3009 1176; x_wconf 84' lang='lat' dir='ltr'>octo</span> <span class='ocrx_word' id='word_1_164' title='bbox 3072 1127 3138 1176; x_wconf 89' lang='lat' dir='ltr'>et</span> <span class='ocrx_word' id='word_1_165' title='bbox 3182 1115 3459 1195; x_wconf 86' lang='lat' dir='ltr'>triginta</span> <span class='ocrx_word' id='word_1_166' title='bbox 3507 1110 3712 1174; x_wconf 84' lang='lat' dir='ltr'>variis</span> <span class='ocrx_word' id='word_1_167' title='bbox 3745 1109 3960 1192; x_wconf 80' lang='lat' dir='ltr'>typis,</span> 
     </span>
     <span class='ocr_line' id='line_1_30' title="bbox 2446 1202 3954 1293; baseline -0.005 -22"><span class='ocrx_word' id='word_1_168' title='bbox 2446 1221 2512 1271; x_wconf 91' lang='lat' dir='ltr'>et</span> <span class='ocrx_word' id='word_1_169' title='bbox 2532 1211 2701 1272; x_wconf 89' lang='lat' dir='ltr'>duos</span> <span class='ocrx_word' id='word_1_170' title='bbox 2721 1221 3074 1293; x_wconf 85' lang='lat' dir='ltr'>praeterea</span> <span class='ocrx_word' id='word_1_171' title='bbox 3123 1210 3401 1271; x_wconf 81' lang='lat' dir='ltr'>maximi</span> <span class='ocrx_word' id='word_1_172' title='bbox 3427 1206 3704 1281; x_wconf 87' lang='lat' dir='ltr'>moduli,</span> <span class='ocrx_word' id='word_1_173' title='bbox 3759 1202 3954 1265; x_wconf 81' lang='lat' dir='ltr'>testa-</span> 
     </span>
     <span class='ocr_line' id='line_1_31' title="bbox 2447 1297 3959 1386; baseline -0.004 -20"><span class='ocrx_word' id='word_1_174' title='bbox 2447 1316 2559 1366; x_wconf 81' lang='lat' dir='ltr'>tur</span> <span class='ocrx_word' id='word_1_175' title='bbox 2585 1305 2666 1368; x_wconf 90' lang='lat' dir='ltr'>cl.</span> <span class='ocrx_word' id='word_1_176' title='bbox 2710 1307 3073 1370; x_wconf 80' lang='lat' dir='ltr'>BeauvaiS.</span> <span class='ocrx_word' id='word_1_177' title='bbox 3107 1302 3166 1384; x_wconf 74' lang='lat'>⁰)</span> <span class='ocrx_word' id='word_1_178' title='bbox 3220 1305 3444 1366; x_wconf 83' lang='lat' dir='ltr'>Vnum</span> <span class='ocrx_word' id='word_1_179' title='bbox 3466 1302 3659 1386; x_wconf 86' lang='lat' dir='ltr'>hujus</span> <span class='ocrx_word' id='word_1_180' title='bbox 3695 1297 3959 1364; x_wconf 83' lang='lat' dir='ltr'>moduli</span> 
     </span>
     <span class='ocr_line' id='line_1_32' title="bbox 2447 1399 3466 1486; baseline -0.004 -21"><span class='ocrx_word' id='word_1_181' title='bbox 2447 1399 2755 1486; x_wconf 85' lang='lat' dir='ltr'>vulgavit</span> <span class='ocrx_word' id='word_1_182' title='bbox 2795 1402 3001 1464; x_wconf 87' lang='lat' dir='ltr'>etiam</span> <span class='ocrx_word' id='word_1_183' title='bbox 3037 1399 3466 1466; x_wconf 89' lang='lat' dir='ltr'>Vaillantius.</span> 
     </span>
    </p>
   </div>
   <div class='ocr_carea' id='block_1_5' title="bbox 2879 1589 3534 1661">
    <p class='ocr_par' dir='ltr' id='par_1_5' title="bbox 2879 1589 3534 1661">
     <span class='ocr_line' id='line_1_33' title="bbox 2879 1589 3534 1661; baseline -0.011 0"><span class='ocrx_word' id='word_1_184' title='bbox 2879 1594 3160 1661; x_wconf 82' lang='lat' dir='ltr'>Nomina</span> <span class='ocrx_word' id='word_1_185' title='bbox 3204 1613 3279 1659; x_wconf 84' lang='lat' dir='ltr'>ac</span> <span class='ocrx_word' id='word_1_186' title='bbox 3335 1589 3534 1656; x_wconf 64' lang='lat' dir='ltr'>tituli:</span> 
     </span>
    </p>
   </div>
   <div class='ocr_carea' id='block_1_6' title="bbox 2446 1781 3975 2823">
    <p class='ocr_par' dir='ltr' id='par_1_6' title="bbox 2446 1781 3970 2347">
     <span class='ocr_line' id='line_1_34' title="bbox 2547 1781 3970 1865; baseline 0 -20"><span class='ocrx_word' id='word_1_187' title='bbox 2547 1784 2740 1865; x_wconf 88' lang='lat' dir='ltr'>Quae</span> <span class='ocrx_word' id='word_1_188' title='bbox 2789 1783 3210 1849; x_wconf 89' lang='lat' dir='ltr'>Commodus</span> <span class='ocrx_word' id='word_1_189' title='bbox 3255 1784 3532 1850; x_wconf 81' lang='lat' dir='ltr'>nomina</span> <span class='ocrx_word' id='word_1_190' title='bbox 3587 1801 3670 1848; x_wconf 86' lang='lat' dir='ltr'>ac</span> <span class='ocrx_word' id='word_1_191' title='bbox 3725 1781 3970 1846; x_wconf 81' lang='lat' dir='ltr'>titulos</span> 
     </span>
     <span class='ocr_line' id='line_1_35' title="bbox 2446 1879 3970 1966; baseline -0.001 -26"><span class='ocrx_word' id='word_1_192' title='bbox 2446 1898 2569 1962; x_wconf 83' lang='lat' dir='ltr'>per</span> <span class='ocrx_word' id='word_1_193' title='bbox 2603 1881 2963 1944; x_wconf 88' lang='lat' dir='ltr'>intervalla</span> <span class='ocrx_word' id='word_1_194' title='bbox 3001 1882 3348 1966; x_wconf 80' lang='lat' dir='ltr'>collegerit</span> <span class='ocrx_word' id='word_1_195' title='bbox 3377 1929 3395 1959; x_wconf 90' lang='lat'>‚</span> <span class='ocrx_word' id='word_1_196' title='bbox 3486 1879 3574 1942; x_wconf 90' lang='lat' dir='ltr'>ab</span> <span class='ocrx_word' id='word_1_197' title='bbox 3611 1879 3782 1962; x_wconf 55' lang='lat' dir='ltr'>,ipso</span> <span class='ocrx_word' id='word_1_198' title='bbox 3837 1898 3970 1941; x_wconf 79' lang='lat' dir='ltr'>nos·</span> 
     </span>
     <span class='ocr_line' id='line_1_36' title="bbox 2453 1972 3963 2061; baseline -0.001 -25"><span class='ocrx_word' id='word_1_199' title='bbox 2453 1972 2839 2038; x_wconf 88' lang='lat' dir='ltr'>Commodo</span> <span class='ocrx_word' id='word_1_200' title='bbox 2888 1978 3160 2039; x_wconf 82' lang='lat' dir='ltr'>edoceri</span> <span class='ocrx_word' id='word_1_201' title='bbox 3210 1979 3571 2061; x_wconf 79' lang='lat' dir='ltr'>patiamur.</span> <span class='ocrx_word' id='word_1_202' title='bbox 3623 1975 3801 2036; x_wconf 87' lang='lat' dir='ltr'>Nam</span> <span class='ocrx_word' id='word_1_203' title='bbox 3851 1992 3963 2035; x_wconf 81' lang='lat' dir='ltr'>re-</span> 
     </span>
     <span class='ocr_line' id='line_1_37' title="bbox 2448 2068 3970 2156; baseline -0.001 -24"><span class='ocrx_word' id='word_1_204' title='bbox 2448 2068 2583 2132; x_wconf 84' lang='lat' dir='ltr'>fert</span> <span class='ocrx_word' id='word_1_205' title='bbox 2638 2071 2775 2132; x_wconf 91' lang='lat' dir='ltr'>Dio</span> <span class='ocrx_word' id='word_1_206' title='bbox 2827 2072 3243 2156; x_wconf 84' lang='lat' dir='ltr'>epigraphen</span> <span class='ocrx_word' id='word_1_207' title='bbox 3299 2071 3646 2133; x_wconf 89' lang='lat' dir='ltr'>literarum</span> <span class='ocrx_word' id='word_1_208' title='bbox 3680 2115 3698 2143; x_wconf 88' lang='lat'>‚</span> <span class='ocrx_word' id='word_1_209' title='bbox 3793 2088 3970 2150; x_wconf 80' lang='lat' dir='ltr'>quas</span> 
     </span>
     <span class='ocr_line' id='line_1_38' title="bbox 2456 2166 3965 2251; baseline -0.003 -22"><span class='ocrx_word' id='word_1_210' title='bbox 2456 2176 2763 2229; x_wconf 79' lang='lat' dir='ltr'>extremo</span> <span class='ocrx_word' id='word_1_211' title='bbox 2801 2167 2983 2228; x_wconf 82' lang='lat' dir='ltr'>vitae</span> <span class='ocrx_word' id='word_1_212' title='bbox 3019 2179 3326 2251; x_wconf 87' lang='lat' dir='ltr'>tempore</span> <span class='ocrx_word' id='word_1_213' title='bbox 3378 2167 3464 2228; x_wconf 89' lang='lat' dir='ltr'>ad</span> <span class='ocrx_word' id='word_1_214' title='bbox 3514 2166 3812 2228; x_wconf 83' lang='lat' dir='ltr'>senatum</span> <span class='ocrx_word' id='word_1_215' title='bbox 3849 2166 3965 2226; x_wconf 81' lang='lat' dir='ltr'>de-</span> 
     </span>
     <span class='ocr_line' id='line_1_39' title="bbox 2456 2251 3786 2347; baseline -0.001 -24"><span class='ocrx_word' id='word_1_216' title='bbox 2456 2262 2597 2344; x_wconf 87' lang='lat' dir='ltr'>dit,</span> <span class='ocrx_word' id='word_1_217' title='bbox 2651 2261 2754 2323; x_wconf 84' lang='lat' dir='ltr'>his</span> <span class='ocrx_word' id='word_1_218' title='bbox 2799 2261 3010 2323; x_wconf 81' lang='lat' dir='ltr'>titulis</span> <span class='ocrx_word' id='word_1_219' title='bbox 3050 2273 3462 2347; x_wconf 86' lang='lat' dir='ltr'>turgentem:</span> <span class='ocrx_word' id='word_1_220' title='bbox 3514 2251 3578 2344; x_wconf 62' lang='grc' dir='ltr'>ἆ)</span> <span class='ocrx_word' id='word_1_221' title='bbox 3775 2319 3786 2330; x_wconf 86' lang='grc'>,</span> 
     </span>
    </p>

    <p class='ocr_par' dir='ltr' id='par_1_7' title="bbox 2453 2355 3975 2823">
     <span class='ocr_line' id='line_1_40' title="bbox 2552 2355 3970 2444; baseline -0.002 -24"><span class='ocrx_word' id='word_1_222' title='bbox 2552 2358 2915 2440; x_wconf 78' lang='lat' dir='ltr'>Imperator</span> <span class='ocrx_word' id='word_1_223' title='bbox 2952 2357 3172 2444; x_wconf 81' lang='lat' dir='ltr'>Caesar</span> <span class='ocrx_word' id='word_1_224' title='bbox 3210 2358 3437 2423; x_wconf 69' lang='lat' dir='ltr'>Lucius</span> <span class='ocrx_word' id='word_1_225' title='bbox 3486 2355 3707 2420; x_wconf 72' lang='lat' dir='ltr'>Aetius</span> <span class='ocrx_word' id='word_1_226' title='bbox 3757 2356 3970 2419; x_wconf 76' lang='lat' dir='ltr'>Aure·</span> 
     </span>
     <span class='ocr_line' id='line_1_41' title="bbox 2454 2450 3975 2537; baseline -0.002 -21"><span class='ocrx_word' id='word_1_227' title='bbox 2454 2452 2577 2516; x_wconf 79' lang='lat' dir='ltr'>lius</span> <span class='ocrx_word' id='word_1_228' title='bbox 2615 2451 3025 2528; x_wconf 83' lang='lat' dir='ltr'>Commodus‚&#39;</span> <span class='ocrx_word' id='word_1_229' title='bbox 3056 2453 3379 2537; x_wconf 70' lang='lat' dir='ltr'>Augustus</span> <span class='ocrx_word' id='word_1_230' title='bbox 3416 2453 3574 2535; x_wconf 71' lang='lat' dir='ltr'>Pius</span> <span class='ocrx_word' id='word_1_231' title='bbox 3600 2450 3786 2516; x_wconf 74' lang='lat' dir='ltr'>Felix</span> <span class='ocrx_word' id='word_1_232' title='bbox 3803 2451 3975 2514; x_wconf 83' lang='lat' dir='ltr'>Sar-</span> 
     </span>
     <span class='ocr_line' id='line_1_42' title="bbox 2453 2546 3974 2630; baseline -0.001 -19"><span class='ocrx_word' id='word_1_233' title='bbox 2453 2550 2723 2611; x_wconf 78' lang='lat' dir='ltr'>maticus</span> <span class='ocrx_word' id='word_1_234' title='bbox 2745 2594 2764 2623; x_wconf 89' lang='lat'>‚</span> <span class='ocrx_word' id='word_1_235' title='bbox 2821 2550 3224 2613; x_wconf 59' lang='lat' dir='ltr'>Germanicus</span> <span class='ocrx_word' id='word_1_236' title='bbox 3249 2546 3603 2613; x_wconf 81' lang='lat' dir='ltr'>-Maximus</span> <span class='ocrx_word' id='word_1_237' title='bbox 3615 2597 3637 2630; x_wconf 90' lang='lat'>,</span> <span class='ocrx_word' id='word_1_238' title='bbox 3708 2549 3974 2611; x_wconf 71' lang='lat' dir='ltr'>Britan·</span> 
     </span>
     <span class='ocr_line' id='line_1_43' title="bbox 2454 2643 3973 2720; baseline 0 -16"><span class='ocrx_word' id='word_1_239' title='bbox 2454 2644 2669 2719; x_wconf 77' lang='lat' dir='ltr'>nicus,</span> <span class='ocrx_word' id='word_1_240' title='bbox 2715 2644 2994 2708; x_wconf 75' lang='lat' dir='ltr'>Pacator</span> <span class='ocrx_word' id='word_1_241' title='bbox 3025 2644 3204 2710; x_wconf 83' lang='lat' dir='ltr'>orbis</span> <span class='ocrx_word' id='word_1_242' title='bbox 3244 2649 3564 2707; x_wconf 76' lang='lat' dir='ltr'>terrarum</span> <span class='ocrx_word' id='word_1_243' title='bbox 3587 2689 3605 2720; x_wconf 87' lang='lat'>,</span> <span class='ocrx_word' id='word_1_244' title='bbox 3656 2643 3973 2719; x_wconf 78' lang='lat' dir='ltr'>Invictus,</span> 
     </span>
     <span class='ocr_line' id='line_1_44' title="bbox 2458 2736 3974 2823; baseline 0.001 -23"><span class='ocrx_word' id='word_1_245' title='bbox 2458 2736 2756 2801; x_wconf 81' lang='lat' dir='ltr'>Hercules</span> <span class='ocrx_word' id='word_1_246' title='bbox 2814 2738 3138 2803; x_wconf 80' lang='lat' dir='ltr'>Romanus</span> <span class='ocrx_word' id='word_1_247' title='bbox 3159 2789 3178 2819; x_wconf 92' lang='lat'>,</span> <span class='ocrx_word' id='word_1_248' title='bbox 3242 2739 3547 2823; x_wconf 71' lang='lat' dir='ltr'>Pontifex</span> <span class='ocrx_word' id='word_1_249' title='bbox 3609 2741 3928 2802; x_wconf 70' lang='lat' dir='ltr'>maximus</span> <span class='ocrx_word' id='word_1_250' title='bbox 3951 2784 3974 2815; x_wconf 86' lang='lat'>,</span> 
     </span>
    </p>
   </div>
   <div class='ocr_carea' id='block_1_7' title="bbox 864 2829 3979 2920">
    <p class='ocr_par' dir='ltr' id='par_1_8' title="bbox 864 2829 3979 2920">
     <span class='ocr_line' id='line_1_45' title="bbox 864 2829 3979 2920; baseline -0 -21"><span class='ocrx_word' id='word_1_251' title='bbox 864 2849 1097 2899; x_wconf 86' lang='lat' dir='ltr'>cratae</span> <span class='ocrx_word' id='word_1_252' title='bbox 1113 2835 1348 2896; x_wconf 88' lang='lat' dir='ltr'>matris</span> <span class='ocrx_word' id='word_1_253' title='bbox 1383 2834 1438 2893; x_wconf 88' lang='lat' dir='ltr'>F</span> <span class='ocrx_word' id='word_1_254' title='bbox 1444 2829 1739 2894; x_wconf 79' lang='lat' dir='ltr'>austinae</span> <span class='ocrx_word' id='word_1_255' title='bbox 1759 2832 2035 2894; x_wconf 86' lang='lat' dir='ltr'>senioris</span> <span class='ocrx_word' id='word_1_256' title='bbox 2058 2831 2248 2895; x_wconf 80' lang='lat' dir='ltr'>aurei</span> <span class='ocrx_word' id='word_1_257' title='bbox 2269 2830 2384 2893; x_wconf 78' lang='lat' dir='ltr'>ab·</span> <span class='ocrx_word' id='word_1_258' title='bbox 2458 2831 2824 2896; x_wconf 58' lang='lat' dir='ltr'>tribuniciae</span> <span class='ocrx_word' id='word_1_259' title='bbox 2878 2838 3204 2920; x_wconf 72' lang='lat' dir='ltr'>potestatis</span> <span class='ocrx_word' id='word_1_260' title='bbox 3264 2829 3547 2901; x_wconf 87' lang='lat' dir='ltr'><em>XVIII.</em></span> <span class='ocrx_word' id='word_1_261' title='bbox 3610 2834 3979 2916; x_wconf 77' lang='lat' dir='ltr'>Imperator</span> 
     </span>
    </p>
   </div>
   <div class='ocr_carea' id='block_1_8' title="bbox 866 2926 2380 3010">
    <p class='ocr_par' dir='ltr' id='par_1_9' title="bbox 866 2926 2380 3010">
     <span class='ocr_line' id='line_1_46' title="bbox 866 2926 2380 3010; baseline -0.002 -20"><span class='ocrx_word' id='word_1_262' title='bbox 866 2929 1145 2990; x_wconf 79' lang='lat' dir='ltr'>undent.</span> <span class='ocrx_word' id='word_1_263' title='bbox 1198 2927 1510 2988; x_wconf 85' lang='lat' dir='ltr'>Aurelius</span> <span class='ocrx_word' id='word_1_264' title='bbox 1552 2929 1749 2988; x_wconf 81' lang='lat' dir='ltr'>uxori</span> <span class='ocrx_word' id='word_1_265' title='bbox 1802 2926 1955 2988; x_wconf 85' lang='lat' dir='ltr'>suae</span> <span class='ocrx_word' id='word_1_266' title='bbox 1989 2926 2134 2988; x_wconf 85' lang='lat' dir='ltr'>fere</span> <span class='ocrx_word' id='word_1_267' title='bbox 2194 2928 2380 3010; x_wconf 88' lang='lat' dir='ltr'>quin·</span> 
     </span>
    </p>
   </div>
   <div class='ocr_carea' id='block_1_9' title="bbox 2470 2928 3979 3015">
    <p class='ocr_par' dir='ltr' id='par_1_10' title="bbox 2470 2928 3979 3015">
     <span class='ocr_line' id='line_1_47' title="bbox 2470 2928 3979 3015; baseline -0.001 -23"><span class='ocrx_word' id='word_1_268' title='bbox 2470 2928 2680 2993; x_wconf 90' lang='lat' dir='ltr'><em>VIII.</em></span> <span class='ocrx_word' id='word_1_269' title='bbox 2729 2929 2945 3015; x_wconf 83' lang='lat' dir='ltr'>Consul</span> <span class='ocrx_word' id='word_1_270' title='bbox 2995 2931 3168 2998; x_wconf 86' lang='lat' dir='ltr'><em>VII.</em></span> <span class='ocrx_word' id='word_1_271' title='bbox 3231 2934 3430 2998; x_wconf 83' lang='lat' dir='ltr'>Pater</span> <span class='ocrx_word' id='word_1_272' title='bbox 3478 2931 3766 3014; x_wconf 73' lang='lat' dir='ltr'>patriae,</span> <span class='ocrx_word' id='word_1_273' title='bbox 3820 2947 3979 2990; x_wconf 76' lang='lat' dir='ltr'>con·</span> 
     </span>
    </p>
   </div>
   <div class='ocr_carea' id='block_1_10' title="bbox 863 3018 3982 3110">
    <p class='ocr_par' dir='ltr' id='par_1_11' title="bbox 863 3018 3982 3110">
     <span class='ocr_line' id='line_1_48' title="bbox 863 3018 3982 3110; baseline 0.001 -26"><span class='ocrx_word' id='word_1_274' title='bbox 863 3022 1161 3108; x_wconf 85' lang='lat' dir='ltr'>quennio</span> <span class='ocrx_word' id='word_1_275' title='bbox 1200 3019 1515 3103; x_wconf 77' lang='lat' dir='ltr'>superstes</span> <span class='ocrx_word' id='word_1_276' title='bbox 1553 3018 1701 3082; x_wconf 84' lang='lat' dir='ltr'>fuit.</span> <span class='ocrx_word' id='word_1_277' title='bbox 1782 3021 1851 3083; x_wconf 89' lang='lat' dir='ltr'>Si</span> <span class='ocrx_word' id='word_1_278' title='bbox 1888 3041 2046 3105; x_wconf 85' lang='lat' dir='ltr'>ergo</span> <span class='ocrx_word' id='word_1_279' title='bbox 2082 3034 2224 3082; x_wconf 89' lang='lat' dir='ltr'>tum</span> <span class='ocrx_word' id='word_1_280' title='bbox 2262 3023 2379 3084; x_wconf 89' lang='lat' dir='ltr'>ad·</span> <span class='ocrx_word' id='word_1_281' title='bbox 2439 3021 2725 3109; x_wconf 73' lang='lat' dir='ltr'>salibus,</span> <span class='ocrx_word' id='word_1_282' title='bbox 2769 3024 3215 3109; x_wconf 74' lang='lat' dir='ltr'>praetoribus,</span> <span class='ocrx_word' id='word_1_283' title='bbox 3267 3027 3542 3091; x_wconf 78' lang='lat' dir='ltr'>tribunis</span> <span class='ocrx_word' id='word_1_284' title='bbox 3593 3022 3821 3108; x_wconf 76' lang='lat' dir='ltr'>plebis,</span> <span class='ocrx_word' id='word_1_285' title='bbox 3875 3025 3982 3110; x_wconf 54' lang='lat' dir='ltr'>se&lt;</span> 
     </span>
    </p>
   </div>
   <div class='ocr_carea' id='block_1_11' title="bbox 858 3114 2387 4346">
    <p class='ocr_par' dir='ltr' id='par_1_12' title="bbox 858 3114 2387 4346">
     <span class='ocr_line' id='line_1_49' title="bbox 858 3114 2380 3202; baseline -0.003 -18"><span class='ocrx_word' id='word_1_286' title='bbox 858 3121 999 3184; x_wconf 80' lang='lat' dir='ltr'>huc</span> <span class='ocrx_word' id='word_1_287' title='bbox 1035 3138 1117 3180; x_wconf 81' lang='lat' dir='ltr'>ex</span> <span class='ocrx_word' id='word_1_288' title='bbox 1150 3119 1297 3201; x_wconf 79' lang='lat' dir='ltr'>lege</span> <span class='ocrx_word' id='word_1_289' title='bbox 1332 3116 1681 3178; x_wconf 87' lang='lat' dir='ltr'>ordinaria</span> <span class='ocrx_word' id='word_1_290' title='bbox 1713 3114 1939 3202; x_wconf 76' lang='lat' dir='ltr'>signati</span> <span class='ocrx_word' id='word_1_291' title='bbox 1976 3115 2241 3180; x_wconf 81' lang='lat' dir='ltr'>fuissent</span> <span class='ocrx_word' id='word_1_292' title='bbox 2266 3137 2380 3181; x_wconf 91' lang='lat' dir='ltr'>au·</span> 
     </span>
     <span class='ocr_line' id='line_1_50' title="bbox 861 3209 2380 3297; baseline -0.003 -18"><span class='ocrx_word' id='word_1_293' title='bbox 861 3217 987 3292; x_wconf 87' lang='lat' dir='ltr'>rei,</span> <span class='ocrx_word' id='word_1_294' title='bbox 1043 3234 1130 3278; x_wconf 86' lang='lat' dir='ltr'>an</span> <span class='ocrx_word' id='word_1_295' title='bbox 1152 3209 1500 3289; x_wconf 86' lang='lat' dir='ltr'>credibile,</span> <span class='ocrx_word' id='word_1_296' title='bbox 1547 3224 1867 3297; x_wconf 87' lang='lat' dir='ltr'>negatum</span> <span class='ocrx_word' id='word_1_297' title='bbox 1911 3211 2100 3276; x_wconf 80' lang='lat' dir='ltr'>fuisse</span> <span class='ocrx_word' id='word_1_298' title='bbox 2141 3234 2380 3276; x_wconf 84' lang='lat' dir='ltr'>aurum</span> 
     </span>
     <span class='ocr_line' id='line_1_51' title="bbox 863 3308 2379 3391; baseline -0.001 -17"><span class='ocrx_word' id='word_1_299' title='bbox 863 3313 1090 3388; x_wconf 73' lang='lat' dir='ltr'>uxori,</span> <span class='ocrx_word' id='word_1_300' title='bbox 1141 3311 1451 3391; x_wconf 77' lang='lat' dir='ltr'>inquam</span> <span class='ocrx_word' id='word_1_301' title='bbox 1480 3321 1816 3370; x_wconf 87' lang='lat' dir='ltr'>mortuam</span> <span class='ocrx_word' id='word_1_302' title='bbox 1866 3308 2162 3372; x_wconf 84' lang='lat' dir='ltr'>honores</span> <span class='ocrx_word' id='word_1_303' title='bbox 2203 3310 2379 3372; x_wconf 89' lang='lat' dir='ltr'>alios</span> 
     </span>
     <span class='ocr_line' id='line_1_52' title="bbox 867 3406 2382 3489; baseline -0.003 -17"><span class='ocrx_word' id='word_1_304' title='bbox 867 3425 1145 3485; x_wconf 80' lang='lat' dir='ltr'>omneS‚</span> <span class='ocrx_word' id='word_1_305' title='bbox 1217 3424 1387 3488; x_wconf 89' lang='lat' dir='ltr'>quos</span> <span class='ocrx_word' id='word_1_306' title='bbox 1466 3406 1803 3466; x_wconf 75' lang='lat' dir='ltr'>maximos</span> <span class='ocrx_word' id='word_1_307' title='bbox 1854 3406 2082 3467; x_wconf 89' lang='lat' dir='ltr'>animo</span> <span class='ocrx_word' id='word_1_308' title='bbox 2159 3408 2382 3489; x_wconf 81' lang='lat' dir='ltr'>potuit</span> 
     </span>
     <span class='ocr_line' id='line_1_53' title="bbox 864 3501 2378 3590; baseline -0.005 -20"><span class='ocrx_word' id='word_1_309' title='bbox 864 3506 1247 3590; x_wconf 73' lang='lat' dir='ltr'>concipere,</span> <span class='ocrx_word' id='word_1_310' title='bbox 1282 3501 1658 3584; x_wconf 82' lang='lat' dir='ltr'>congessit?</span> <span class='ocrx_word' id='word_1_311' title='bbox 1680 3501 1858 3584; x_wconf 85' lang='lat' dir='ltr'>Ergo</span> <span class='ocrx_word' id='word_1_312' title='bbox 1878 3502 2202 3586; x_wconf 90' lang='lat' dir='ltr'>quoniam</span> <span class='ocrx_word' id='word_1_313' title='bbox 2224 3521 2378 3565; x_wconf 82' lang='lat' dir='ltr'>cau·</span> 
     </span>
     <span class='ocr_line' id='line_1_54' title="bbox 864 3596 2378 3685; baseline -0.003 -21"><span class='ocrx_word' id='word_1_314' title='bbox 864 3604 936 3664; x_wconf 82' lang='lat' dir='ltr'>sa</span> <span class='ocrx_word' id='word_1_315' title='bbox 974 3599 1280 3685; x_wconf 83' lang='lat' dir='ltr'>penfitati</span> <span class='ocrx_word' id='word_1_316' title='bbox 1306 3597 1616 3660; x_wconf 87' lang='lat' dir='ltr'>barbaris</span> <span class='ocrx_word' id='word_1_317' title='bbox 1641 3597 1813 3675; x_wconf 89' lang='lat' dir='ltr'>auri,</span> <span class='ocrx_word' id='word_1_318' title='bbox 1865 3596 2240 3675; x_wconf 40' lang='lat' dir='ltr'>reufiuxus,</span> <span class='ocrx_word' id='word_1_319' title='bbox 2272 3598 2378 3659; x_wconf 87' lang='lat' dir='ltr'>seu</span> 
     </span>
     <span class='ocr_line' id='line_1_55' title="bbox 868 3692 2380 3775; baseline -0.001 -19"><span class='ocrx_word' id='word_1_320' title='bbox 868 3697 1011 3764; x_wconf 79' lang='lat' dir='ltr'>odii</span> <span class='ocrx_word' id='word_1_321' title='bbox 1038 3695 1340 3775; x_wconf 83' lang='lat' dir='ltr'>senatus,</span> <span class='ocrx_word' id='word_1_322' title='bbox 1395 3711 1568 3774; x_wconf 90' lang='lat' dir='ltr'>quae</span> <span class='ocrx_word' id='word_1_323' title='bbox 1618 3693 1685 3752; x_wconf 92' lang='lat' dir='ltr'>in</span> <span class='ocrx_word' id='word_1_324' title='bbox 1719 3692 2103 3755; x_wconf 78' lang='lat' dir='ltr'>Commodo</span> <span class='ocrx_word' id='word_1_325' title='bbox 2147 3693 2380 3756; x_wconf 87' lang='lat' dir='ltr'>valere</span> 
     </span>
     <span class='ocr_line' id='line_1_56' title="bbox 866 3787 2381 3872; baseline 0.001 -24"><span class='ocrx_word' id='word_1_326' title='bbox 866 3788 1150 3872; x_wconf 77' lang='lat' dir='ltr'>possent,</span> <span class='ocrx_word' id='word_1_327' title='bbox 1172 3787 1448 3847; x_wconf 89' lang='lat' dir='ltr'>Aurelio</span> <span class='ocrx_word' id='word_1_328' title='bbox 1470 3787 1803 3868; x_wconf 88' lang='lat' dir='ltr'>applicari</span> <span class='ocrx_word' id='word_1_329' title='bbox 1832 3800 2195 3870; x_wconf 89' lang='lat' dir='ltr'>nequeunt,</span> <span class='ocrx_word' id='word_1_330' title='bbox 2204 3788 2381 3851; x_wconf 87' lang='lat' dir='ltr'>aliae</span> 
     </span>
     <span class='ocr_line' id='line_1_57' title="bbox 876 3880 2383 3959; baseline 0.003 -16"><span class='ocrx_word' id='word_1_331' title='bbox 876 3894 1055 3943; x_wconf 88' lang='lat' dir='ltr'>certe</span> <span class='ocrx_word' id='word_1_332' title='bbox 1118 3881 1382 3959; x_wconf 85' lang='lat' dir='ltr'>utrique</span> <span class='ocrx_word' id='word_1_333' title='bbox 1437 3898 1829 3942; x_wconf 79' lang='lat' dir='ltr'>communes</span> <span class='ocrx_word' id='word_1_334' title='bbox 1894 3880 2120 3945; x_wconf 86' lang='lat' dir='ltr'>forent</span> <span class='ocrx_word' id='word_1_335' title='bbox 2172 3884 2383 3956; x_wconf 85' lang='lat' dir='ltr'>advo·</span> 
     </span>
     <span class='ocr_line' id='line_1_58' title="bbox 874 3972 2384 4057; baseline 0.001 -18"><span class='ocrx_word' id='word_1_336' title='bbox 874 3976 1179 4048; x_wconf 82' lang='lat' dir='ltr'>candae,</span> <span class='ocrx_word' id='word_1_337' title='bbox 1234 3973 1344 4035; x_wconf 90' lang='lat' dir='ltr'>sed</span> <span class='ocrx_word' id='word_1_338' title='bbox 1385 3972 1627 4057; x_wconf 88' lang='lat' dir='ltr'>quibus</span> <span class='ocrx_word' id='word_1_339' title='bbox 1683 3976 2006 4039; x_wconf 89' lang='lat' dir='ltr'>rimandis</span> <span class='ocrx_word' id='word_1_340' title='bbox 2060 3977 2384 4056; x_wconf 76' lang='lat' dir='ltr'>abstineo,</span> 
     </span>
     <span class='ocr_line' id='line_1_59' title="bbox 872 4068 2387 4155; baseline 0.001 -23"><span class='ocrx_word' id='word_1_341' title='bbox 872 4071 1222 4155; x_wconf 85' lang='lat' dir='ltr'>quoniam,</span> <span class='ocrx_word' id='word_1_342' title='bbox 1277 4068 1604 4151; x_wconf 90' lang='lat' dir='ltr'>quidquid</span> <span class='ocrx_word' id='word_1_343' title='bbox 1650 4069 1966 4145; x_wconf 83' lang='lat' dir='ltr'>attulero,</span> <span class='ocrx_word' id='word_1_344' title='bbox 2020 4074 2196 4136; x_wconf 83' lang='lat' dir='ltr'>intra</span> <span class='ocrx_word' id='word_1_345' title='bbox 2230 4092 2387 4135; x_wconf 87' lang='lat' dir='ltr'>con·</span> 
     </span>
     <span class='ocr_line' id='line_1_60' title="bbox 866 4161 2387 4249; baseline 0 -21"><span class='ocrx_word' id='word_1_346' title='bbox 866 4170 1161 4249; x_wconf 86' lang='lat' dir='ltr'>jecturas</span> <span class='ocrx_word' id='word_1_347' title='bbox 1207 4164 1462 4247; x_wconf 83' lang='lat' dir='ltr'>semper</span> <span class='ocrx_word' id='word_1_348' title='bbox 1508 4161 1725 4230; x_wconf 80' lang='lat' dir='ltr'>stabit.</span> <span class='ocrx_word' id='word_1_349' title='bbox 1816 4164 2131 4228; x_wconf 85' lang='lat' dir='ltr'>Ceterum</span> <span class='ocrx_word' id='word_1_350' title='bbox 2182 4186 2387 4249; x_wconf 86' lang='lat' dir='ltr'>quan·</span> 
     </span>
     <span class='ocr_line' id='line_1_61' title="bbox 870 4260 2387 4346; baseline 0 -22"><span class='ocrx_word' id='word_1_351' title='bbox 870 4261 1122 4346; x_wconf 77' lang='lat' dir='ltr'>¹tumvis</span> <span class='ocrx_word' id='word_1_352' title='bbox 1159 4260 1513 4337; x_wconf 81' lang='lat' dir='ltr'>rari-sunt,</span> <span class='ocrx_word' id='word_1_353' title='bbox 1568 4271 1641 4322; x_wconf 90' lang='lat' dir='ltr'>ut</span> <span class='ocrx_word' id='word_1_354' title='bbox 1680 4262 1861 4344; x_wconf 80' lang='lat' dir='ltr'>dixi,</span> <span class='ocrx_word' id='word_1_355' title='bbox 1917 4260 2281 4324; x_wconf 87' lang='lat' dir='ltr'>Commodi</span> <span class='ocrx_word' id='word_1_356' title='bbox 2318 4263 2387 4324; x_wconf 90' lang='lat' dir='ltr'>in</span> 
     </span>
    </p>
   </div>
   <div class='ocr_carea' id='block_1_12' title="bbox 2455 3119 3981 3781">
    <p class='ocr_par' dir='ltr' id='par_1_13' title="bbox 2455 3119 3739 3207">
     <span class='ocr_line' id='line_1_62' title="bbox 2455 3119 3739 3207; baseline 0.001 -26"><span class='ocrx_word' id='word_1_357' title='bbox 2455 3121 2753 3204; x_wconf 69' lang='lat' dir='ltr'>nuruique</span> <span class='ocrx_word' id='word_1_358' title='bbox 2786 3121 3219 3187; x_wconf 79' lang='lat' dir='ltr'>Commodiano</span> <span class='ocrx_word' id='word_1_359' title='bbox 3253 3125 3437 3189; x_wconf 75' lang='lat' dir='ltr'>Felici</span> <span class='ocrx_word' id='word_1_360' title='bbox 3454 3119 3739 3207; x_wconf 76' lang='lat' dir='ltr'>salutem.</span> 
     </span>
    </p>

    <p class='ocr_par' dir='ltr' id='par_1_14' title="bbox 2456 3214 3977 3375">
     <span class='ocr_line' id='line_1_63' title="bbox 2557 3214 3977 3301; baseline 0 -24"><span class='ocrx_word' id='word_1_361' title='bbox 2557 3219 2629 3277; x_wconf 94' lang='lat' dir='ltr'>ln</span> <span class='ocrx_word' id='word_1_362' title='bbox 2671 3214 2957 3301; x_wconf 82' lang='lat' dir='ltr'>singulos</span> <span class='ocrx_word' id='word_1_363' title='bbox 3009 3219 3245 3284; x_wconf 88' lang='lat' dir='ltr'>titulos</span> <span class='ocrx_word' id='word_1_364' title='bbox 3300 3216 3608 3283; x_wconf 84' lang='lat' dir='ltr'>nonnihil</span> <span class='ocrx_word' id='word_1_365' title='bbox 3647 3216 3977 3278; x_wconf 84' lang='lat' dir='ltr'>adverta-</span> 
     </span>
     <span class='ocr_line' id='line_1_64' title="bbox 2456 3330 2650 3375; baseline 0.021 -4"><span class='ocrx_word' id='word_1_366' title='bbox 2456 3330 2605 3372; x_wconf 87' lang='lat' dir='ltr'>mus</span> <span class='ocrx_word' id='word_1_367' title='bbox 2632 3335 2650 3375; x_wconf 71' lang='grc' dir='ltr'><strong><em>ε</em></strong></span> 
     </span>
    </p>

    <p class='ocr_par' dir='ltr' id='par_1_15' title="bbox 2459 3406 3981 3781">
     <span class='ocr_line' id='line_1_65' title="bbox 2554 3406 3975 3496; baseline 0 -27"><span class='ocrx_word' id='word_1_368' title='bbox 2554 3407 3123 3476; x_wconf 86' lang='lat' dir='ltr'><strong>IMPERATOR.</strong></span> <span class='ocrx_word' id='word_1_369' title='bbox 3196 3410 3326 3472; x_wconf 88' lang='lat' dir='ltr'>De·</span> <span class='ocrx_word' id='word_1_370' title='bbox 3353 3409 3486 3474; x_wconf 87' lang='lat' dir='ltr'>hoc</span> <span class='ocrx_word' id='word_1_371' title='bbox 3518 3408 3808 3496; x_wconf 84' lang='lat' dir='ltr'>duplicis</span> <span class='ocrx_word' id='word_1_372' title='bbox 3838 3406 3975 3470; x_wconf 84' lang='lat' dir='ltr'>sen-</span> 
     </span>
     <span class='ocr_line' id='line_1_66' title="bbox 2459 3501 3036 3570; baseline 0.014 -8"><span class='ocrx_word' id='word_1_373' title='bbox 2459 3501 2564 3564; x_wconf 85' lang='lat' dir='ltr'>sus</span> <span class='ocrx_word' id='word_1_374' title='bbox 2594 3504 2798 3568; x_wconf 87' lang='lat' dir='ltr'>titulo</span> <span class='ocrx_word' id='word_1_375' title='bbox 2830 3503 3036 3570; x_wconf 85' lang='lat' dir='ltr'>infra.</span> 
     </span>
     <span class='ocr_line' id='line_1_67' title="bbox 2477 3598 3979 3679; baseline 0.001 -18"><span class='ocrx_word' id='word_1_376' title='bbox 2477 3625 2482 3634; x_wconf 93' lang='lat'><strong>·</strong></span> <span class='ocrx_word' id='word_1_377' title='bbox 2556 3599 2881 3664; x_wconf 87' lang='lat' dir='ltr'>LVCIVS</span> <span class='ocrx_word' id='word_1_378' title='bbox 2906 3648 2924 3679; x_wconf 90' lang='lat'>,</span> <span class='ocrx_word' id='word_1_379' title='bbox 2978 3603 3151 3666; x_wconf 84' lang='lat' dir='ltr'>alias</span> <span class='ocrx_word' id='word_1_380' title='bbox 3176 3616 3242 3666; x_wconf 90' lang='lat' dir='ltr'>et</span> <span class='ocrx_word' id='word_1_381' title='bbox 3269 3599 3662 3667; x_wconf 85' lang='lat' dir='ltr'><strong>MARCVS.</strong></span> <span class='ocrx_word' id='word_1_382' title='bbox 3715 3598 3979 3663; x_wconf 84' lang='lat' dir='ltr'>Notan-</span> 
     </span>
     <span class='ocr_line' id='line_1_68' title="bbox 2463 3694 3981 3781; baseline -0.001 -21"><span class='ocrx_word' id='word_1_383' title='bbox 2463 3698 2552 3760; x_wconf 90' lang='lat' dir='ltr'>da</span> <span class='ocrx_word' id='word_1_384' title='bbox 2588 3695 2901 3759; x_wconf 89' lang='lat' dir='ltr'>hocloco</span> <span class='ocrx_word' id='word_1_385' title='bbox 2948 3698 3429 3774; x_wconf 86' lang='lat' dir='ltr'>inconstantia,</span> <span class='ocrx_word' id='word_1_386' title='bbox 3483 3718 3621 3781; x_wconf 87' lang='lat' dir='ltr'>qua</span> <span class='ocrx_word' id='word_1_387' title='bbox 3654 3694 3981 3759; x_wconf 87' lang='lat' dir='ltr'>Commo·</span> 
     </span>
    </p>
   </div>
   <div class='ocr_carea' id='block_1_13' title="bbox 2458 3791 3990 4354">
    <p class='ocr_par' dir='ltr' id='par_1_16' title="bbox 2458 3791 3990 4354">
     <span class='ocr_line' id='line_1_69' title="bbox 2459 3791 3984 3870; baseline 0 -16"><span class='ocrx_word' id='word_1_388' title='bbox 2459 3792 2585 3854; x_wconf 89' lang='lat' dir='ltr'>dus</span> <span class='ocrx_word' id='word_1_389' title='bbox 2619 3792 2834 3870; x_wconf 78' lang='lat' dir='ltr'>Lucii,</span> <span class='ocrx_word' id='word_1_390' title='bbox 2884 3792 2996 3854; x_wconf 82' lang='lat' dir='ltr'>vel</span> <span class='ocrx_word' id='word_1_391' title='bbox 3033 3793 3246 3859; x_wconf 82' lang='lat' dir='ltr'>Marci</span> <span class='ocrx_word' id='word_1_392' title='bbox 3277 3793 3447 3859; x_wconf 74' lang='lat' dir='ltr'>Aelii</span> <span class='ocrx_word' id='word_1_393' title='bbox 3485 3793 3738 3858; x_wconf 78' lang='lat' dir='ltr'>Aurelii</span> <span class='ocrx_word' id='word_1_394' title='bbox 3765 3791 3984 3855; x_wconf 79' lang='lat' dir='ltr'>Anto-</span> 
     </span>
     <span class='ocr_line' id='line_1_70' title="bbox 2458 3886 3979 3972; baseline 0 -22"><span class='ocrx_word' id='word_1_395' title='bbox 2458 3890 2596 3950; x_wconf 81' lang='lat' dir='ltr'>m‘m’</span> <span class='ocrx_word' id='word_1_396' title='bbox 2636 3886 3020 3949; x_wconf 86' lang='lat' dir='ltr'>nominibus</span> <span class='ocrx_word' id='word_1_397' title='bbox 3095 3888 3182 3950; x_wconf 84' lang='lat' dir='ltr'>est</span> <span class='ocrx_word' id='word_1_398' title='bbox 3234 3890 3427 3966; x_wconf 80' lang='lat' dir='ltr'>usuS,</span> <span class='ocrx_word' id='word_1_399' title='bbox 3498 3891 3657 3953; x_wconf 89' lang='lat' dir='ltr'>dum</span> <span class='ocrx_word' id='word_1_400' title='bbox 3726 3906 3808 3948; x_wconf 85' lang='lat' dir='ltr'>ea</span> <span class='ocrx_word' id='word_1_401' title='bbox 3846 3907 3979 3972; x_wconf 87' lang='lat' dir='ltr'>pro</span> 
     </span>
     <span class='ocr_line' id='line_1_71' title="bbox 2461 3981 3986 4069; baseline 0.002 -27"><span class='ocrx_word' id='word_1_402' title='bbox 2461 3981 2761 4044; x_wconf 89' lang='lat' dir='ltr'>lubidine</span> <span class='ocrx_word' id='word_1_403' title='bbox 2790 3983 2928 4061; x_wconf 87' lang='lat' dir='ltr'>jam</span> <span class='ocrx_word' id='word_1_404' title='bbox 2971 3984 3399 4069; x_wconf 86' lang='lat' dir='ltr'>adoptavit,</span> <span class='ocrx_word' id='word_1_405' title='bbox 3378 4004 3513 4069; x_wconf 72' lang='lat' dir='ltr'>jam</span> <span class='ocrx_word' id='word_1_406' title='bbox 3554 3984 3819 4068; x_wconf 85' lang='lat' dir='ltr'>respuit.</span> <span class='ocrx_word' id='word_1_407' title='bbox 3877 3984 3986 4045; x_wconf 85' lang='lat' dir='ltr'>Ea</span> 
     </span>
     <span class='ocr_line' id='line_1_72' title="bbox 2462 4075 3982 4142; baseline 0.002 -4"><span class='ocrx_word' id='word_1_408' title='bbox 2462 4078 2576 4138; x_wconf 81' lang='lat' dir='ltr'>lex</span> <span class='ocrx_word' id='word_1_409' title='bbox 2618 4075 2975 4138; x_wconf 84' lang='lat' dir='ltr'>secundum</span> <span class='ocrx_word' id='word_1_410' title='bbox 3021 4099 3262 4142; x_wconf 89' lang='lat' dir='ltr'>numos</span> <span class='ocrx_word' id='word_1_411' title='bbox 3316 4081 3488 4142; x_wconf 82' lang='lat' dir='ltr'>haee</span> <span class='ocrx_word' id='word_1_412' title='bbox 3531 4078 3660 4141; x_wconf 85' lang='lat' dir='ltr'>fuit</span> <span class='ocrx_word' id='word_1_413' title='bbox 3695 4097 3982 4142; x_wconf 87' lang='lat' dir='ltr'>concor·</span> 
     </span>
     <span class='ocr_line' id='line_1_73' title="bbox 2464 4170 3986 4257; baseline 0.006 -28"><span class='ocrx_word' id='word_1_414' title='bbox 2464 4170 2662 4230; x_wconf 88' lang='lat' dir='ltr'>dibus</span> <span class='ocrx_word' id='word_1_415' title='bbox 2687 4173 2890 4233; x_wconf 87' lang='lat' dir='ltr'>etiam</span> <span class='ocrx_word' id='word_1_416' title='bbox 2927 4176 3447 4251; x_wconf 86' lang='lat' dir='ltr'>marmoribus,</span> <span class='ocrx_word' id='word_1_417' title='bbox 3428 4195 3496 4237; x_wconf 86' lang='lat' dir='ltr'>m</span> <span class='ocrx_word' id='word_1_418' title='bbox 3536 4196 3670 4257; x_wconf 87' lang='lat' dir='ltr'>qua</span> <span class='ocrx_word' id='word_1_419' title='bbox 3698 4173 3986 4238; x_wconf 82' lang='lat' dir='ltr'>statuen-</span> 
     </span>
     <span class='ocr_line' id='line_1_74' title="bbox 2465 4263 3990 4354; baseline 0.006 -29"><span class='ocrx_word' id='word_1_420' title='bbox 2465 4263 2556 4326; x_wconf 89' lang='lat' dir='ltr'>da</span> <span class='ocrx_word' id='word_1_421' title='bbox 2591 4265 2752 4329; x_wconf 90' lang='lat' dir='ltr'>olim</span> <span class='ocrx_word' id='word_1_422' title='bbox 2790 4289 3031 4353; x_wconf 88' lang='lat' dir='ltr'>parum</span> <span class='ocrx_word' id='word_1_423' title='bbox 3061 4291 3341 4334; x_wconf 85' lang='lat' dir='ltr'>veraces</span> <span class='ocrx_word' id='word_1_424' title='bbox 3370 4268 3559 4333; x_wconf 83' lang='lat' dir='ltr'>fuere</span> <span class='ocrx_word' id='word_1_425' title='bbox 3589 4271 3654 4334; x_wconf 90' lang='lat' dir='ltr'>N</span> <span class='ocrx_word' id='word_1_426' title='bbox 3659 4268 3990 4354; x_wconf 71' lang='lat' dir='ltr'>orifius,‘)</span> 
     </span>
    </p>
   </div>
   <div class='ocr_carea' id='block_1_14' title="bbox 859 4430 3992 4464">
    <p class='ocr_par' dir='ltr' id='par_1_17' title="bbox 859 4430 3992 4464">
     <span class='ocr_line' id='line_1_75' title="bbox 859 4430 3992 4464; baseline 0 995"><span class='ocrx_word' id='word_1_427' title='bbox 859 4430 3992 4464; x_wconf 95' lang='lat' dir='ltr'> </span> 
     </span>
    </p>
   </div>
   <div class='ocr_carea' id='block_1_15' title="bbox 918 4494 1536 4566">
    <p class='ocr_par' dir='ltr' id='par_1_18' title="bbox 918 4494 1536 4566">
     <span class='ocr_line' id='line_1_76' title="bbox 918 4494 1536 4566; baseline 0 -18"><span class='ocrx_word' id='word_1_428' title='bbox 918 4501 1004 4548; x_wconf 46' lang='lat' dir='ltr'>aa)</span> <span class='ocrx_word' id='word_1_429' title='bbox 1042 4494 1327 4566; x_wconf 73' lang='lat' dir='ltr'>Lamprid.</span> <span class='ocrx_word' id='word_1_430' title='bbox 1364 4512 1413 4551; x_wconf 80' lang='grc' dir='ltr'>ο.</span> <span class='ocrx_word' id='word_1_431' title='bbox 1448 4512 1536 4554; x_wconf 87' lang='grc' dir='ltr'>2ο.</span> 
     </span>
    </p>
   </div>
   <div class='ocr_carea' id='block_1_16' title="bbox 877 4560 2033 4636">
    <p class='ocr_par' dir='ltr' id='par_1_19' title="bbox 877 4560 2033 4636">
     <span class='ocr_line' id='line_1_77' title="bbox 877 4560 2033 4636; baseline -0.005 -13"><span class='ocrx_word' id='word_1_432' title='bbox 877 4566 1119 4623; x_wconf 77' lang='lat' dir='ltr'>Lxxn.</span> <span class='ocrx_word' id='word_1_433' title='bbox 1157 4567 1184 4635; x_wconf 85' lang='lat'>§</span> <span class='ocrx_word' id='word_1_434' title='bbox 1227 4581 1309 4636; x_wconf 27' lang='lat'>15..</span> <span class='ocrx_word' id='word_1_435' title='bbox 1507 4563 1557 4631; x_wconf 78' lang='grc' dir='ltr'>ο)</span> <span class='ocrx_word' id='word_1_436' title='bbox 1596 4563 1653 4614; x_wconf 88' lang='lat' dir='ltr'>in</span> <span class='ocrx_word' id='word_1_437' title='bbox 1685 4560 1852 4635; x_wconf 75' lang='lat' dir='ltr'>Epist.</span> <span class='ocrx_word' id='word_1_438' title='bbox 1890 4561 2033 4624; x_wconf 76' lang='lat' dir='ltr'>conf.</span> 
     </span>
    </p>
   </div>
   <div class='ocr_carea' id='block_1_17' title="bbox 1795 4492 2464 4572">
    <p class='ocr_par' dir='ltr' id='par_1_20' title="bbox 1795 4492 2464 4572">
     <span class='ocr_line' id='line_1_78' title="bbox 1795 4492 2464 4572; baseline 0.003 -20"><span class='ocrx_word' id='word_1_439' title='bbox 1795 4492 1854 4552; x_wconf 81' lang='lat' dir='ltr'>b)</span> <span class='ocrx_word' id='word_1_440' title='bbox 1888 4493 2007 4543; x_wconf 80' lang='lat' dir='ltr'>Dio</span> <span class='ocrx_word' id='word_1_441' title='bbox 2030 4497 2108 4556; x_wconf 82' lang='lat' dir='ltr'>·.L</span> <span class='ocrx_word' id='word_1_442' title='bbox 2146 4499 2270 4554; x_wconf 88' lang='lat' dir='ltr'>LX.</span> <span class='ocrx_word' id='word_1_443' title='bbox 2309 4501 2341 4572; x_wconf 73' lang='grc' dir='ltr'><strong><em>ς</em></strong></span> <span class='ocrx_word' id='word_1_444' title='bbox 2379 4518 2464 4557; x_wconf 88' lang='grc'>22</span> 
     </span>
    </p>
   </div>
   <div class='ocr_carea' id='block_1_18' title="bbox 2708 4504 3990 4584">
    <p class='ocr_par' dir='ltr' id='par_1_21' title="bbox 2708 4504 3990 4584">
     <span class='ocr_line' id='line_1_79' title="bbox 2708 4504 3990 4584; baseline 0.019 -26"><span class='ocrx_word' id='word_1_445' title='bbox 2708 4505 2758 4572; x_wconf 81' lang='lat' dir='ltr'>e)</span> <span class='ocrx_word' id='word_1_446' title='bbox 2797 4504 2934 4562; x_wconf 44' lang='lat' dir='ltr'>Histv</span> <span class='ocrx_word' id='word_1_447' title='bbox 2959 4505 3141 4582; x_wconf 66' lang='lat' dir='ltr'>alu-eg.</span> <span class='ocrx_word' id='word_1_448' title='bbox 3178 4510 3248 4572; x_wconf 88' lang='lat' dir='ltr'>T.</span> <span class='ocrx_word' id='word_1_449' title='bbox 3283 4510 3331 4568; x_wconf 87' lang='lat'>1.</span> <span class='ocrx_word' id='word_1_450' title='bbox 3365 4527 3424 4582; x_wconf 80' lang='lat'>1&gt;-</span> <span class='ocrx_word' id='word_1_451' title='bbox 3464 4527 3581 4584; x_wconf 70' lang='grc'>269.</span> <span class='ocrx_word' id='word_1_452' title='bbox 3803 4508 3865 4579; x_wconf 72' lang='lat' dir='ltr'>d)</span> <span class='ocrx_word' id='word_1_453' title='bbox 3916 4511 3990 4567; x_wconf 70' lang='lat'>1⁴·</span> 
     </span>
    </p>
   </div>
  </div>
 </body>
</html>
