4242 5459
1516 568 1864 645 CARA
1900 567 2356 643 CALLA.

658 821 1896 933 ANTosszmvs.*P1v8.AvG.

667 961 953 1026 GERM.
1012 963 1213 1047 Caput
1247 961 1598 1029 laureatum
1642 984 1709 1028 m
1727 964 1796 1028 A
1808 960 1893 1025 V

666 1069 727 1122 et
765 1058 1358 1136 AR„rad1·atum
1411 1062 1479 1122 in
1530 1059 1682 1125 AR.
1747 1059 1898 1143 maj

665 1153 832 1218 mod.
884 1165 942 1218 et
977 1158 1044 1218 in
1071 1154 1365 1238 pluribus
1402 1158 1553 1221 AB.
1595 1157 1700 1229 ΙΙ.

369 1245 459 1319 Β.
657 1250 1896 1325 M.AVREL.ANTON1NVS.P1

669 1347 801 1410 VS.
845 1344 1049 1411 AVG.
1081 1344 1365 1414 GERM.
1423 1349 1623 1433 Caput
1651 1348 1892 1414 taurea·

671 1455 797 1507 tum
830 1446 897 1506 in
951 1442 1098 1508 ΑΕ.
1131 1444 1191 1509 Ι.

380 1531 479 1608 C.
676 1534 776 1601 M.
815 1541 1021 1610 Avn.
1069 1524 1625 1604 ANTONINVS.
1676 1540 1893 1617 pivs,

667 1633 873 1699 AVG.
934 1632 1218 1700 GERM.
1276 1635 1479 1721 Caput
1526 1636 1897 1716 laureatum,

662 1731 764 1796 vel
791 1730 1110 1796 radiatum
1142 1732 1210 1797 {n
1248 1732 1404 1798 ΑΕ.
1446 1734 1491 1799 Ι
1491 1734 1534 1800 I
1535 1780 1553 1798 .

1110 1825 1141 1859 ἢ

468 1926 578 1991 De
630 1880 962 2011 partibus*
986 1923 1232 1989 avet-fis
1282 1881 1640 1989 :iuniorum
1695 1925 1892 2007 hujus

369 2025 529 2090 anni
568 2036 793 2086 actum
842 2021 932 2082 ad
967 2040 1218 2083 annum
1253 2026 1342 2089 V.
1375 2021 1449 2084 C.
1498 2024 1679 2104 967,
1732 2040 1890 2083 nam

361 2130 775 2206 argumenta
819 2112 960 2177 fere
1027 2117 1269 2180 eadem
1329 2119 1709 2198 continent,
1775 2114 1892 2179 nisi

369 2217 558 2300 quod
595 2232 770 2278 nunc
808 2212 872 2274 T
877 2213 960 2277 R.
998 2213 1076 2275 P.
1121 2212 1386 2280 xvim.
1445 2211 1842 2284 inscribitur.

724 2404 809 2469 V.
855 2403 920 2467 C.
957 2423 1112 2486 970·
1151 2406 1230 2469 P.
1273 2405 1363 2470 X.
1401 2424 1546 2488 2¹7·

372 2502 514 2569 ΤΚ.
539 2501 617 2565 Ρ.
644 2499 797 2565 ΧΧ.
827 2498 1008 2564 Cos.
1039 2499 1272 2567 IV.P.
1305 2497 1885 2567 M.P.P.P1VS.

671 2580 708 2610 ²
777 2581 1061 2680 GERM.
1102 2596 1306 2661 IMP.
1357 2596 1503 2660 HJ.
1668 2618 1676 2625 ·

361 2693 435 2761 C.
473 2694 739 2759 Bruttio
773 2691 1137 2776 Praefiaete,
1199 2693 1273 2758 Τ.
1327 2692 1535 2783 Mqffio
1581 2693 1888 2759 Extrica-

953 2795 1016 2849 to
1056 2786 1161 2851 II.
1198 2788 1307 2873 coſs

465 2883 730 2946 Bellum
769 2884 835 2945 in
872 2882 1166 2945 Parthos
1203 2895 1441 2968 parat,
1495 2885 1610 2967 qui
1639 2903 1890 2969 magno

353 3000 522 3045 cum
562 2980 859 3041 exercitu
895 2979 983 3040 ad
1022 2979 1509 3043 vindicandam
1565 2983 1723 3044 anni
1758 2980 1890 3065 pri-

354 3079 507 3141 oris
545 3076 855 3152 injuriam
902 3074 1211 3138 aderant.
1312 3076 1551 3141 Edessa
1594 3075 1891 3140 Carrhas

353 3171 762 3259 profectuS,
815 3181 891 3234 ut
941 3169 1256 3233 inviseret
1295 3170 1560 3234 celebre
1617 3176 1758 3255 ejus
1795 3171 1893 3234 lo-

347 3270 431 3333 ‘ei
503 3268 832 3352 templum
898 3266 1090 3330 Luno
1149 3267 1453 3343 sacrum,
1516 3287 1640 3352 per
1679 3269 1809 3331 iter
1848 3285 1895 3329 a

351 3364 695 3430 Liartiale
772 3373 1065 3426 evocato
1142 3359 1491 3446 instigante
1577 3364 1891 3425 Macrino

353 3458 727 3548 praefecto
771 3459 1120 3542 praetorio
1156 3456 1556 3520 interficitur
1582 3458 1692 3519 die
1717 3461 1892 3533 vlu.

352 3555 630 3640 ,Aprilis
668 3573 846 3617 anno
913 3555 1160 3616 aetatis
1197 3553 1439 3616 XXIX.
1482 3553 1591 3615 die
1641 3556 1750 3616 lV.
1794 3552 1892 3614 se·

355 3651 672 3717 cundum
705 3649 1044 3728 Dionem,
1097 3650 1160 3730 ⁸)
1228 3668 1432 3730 nam,
1513 3658 1588 3711 ut
1637 3648 1890 3713 ibidem

347 3747 608 3826 addit,
653 3757 852 3808 natus
901 3744 1032 3823 fuit
1061 3746 1172 3809 die
1212 3747 1322 3810 IV.
1357 3745 1634 3832 Aprilis,
1686 3743 1887 3829 Spar·

337 3845 594 3910 tianus
641 3839 796 3926 ipsis
835 3840 1329 3925 Megalensibus
1359 3833 1643 3905 'caesum
1694 3841 1890 3917 dixit,

338 3952 430 4005 et
471 3939 747 4022 quidem
785 3937 894 4000 die
926 3937 1044 4000 v1.
1091 3938 1386 4022 Aprilis,
1438 3957 1640 4023 quem
1699 3937 1894 3999 addit

333 4036 556 4101 fuisse
592 4053 861 4118 quoque
913 4035 1052 4112 eius
1092 4034 1412 4096 natalem.
1446 4024 1509 4116 b)
1585 4030 1892 4117 Coepere

211 4136 226 4145 ‘
327 4129 785 4216 Megalenses
845 4129 956 4191 die
1007 4128 1124 4193 IV.
1191 4128 1503 4212 Aprilis,
1576 4143 1642 4193 et
1695 4130 1892 4192 dura-

328 4231 531 4293 bant
581 4227 723 4289 dies
761 4225 875 4288 lx.
974 4227 1072 4289 At
1105 4224 1342 4288 malim
1390 4226 1630 4290 bacin
1695 4225 1894 4290 causa

331 4323 542 4406 sequi
579 4323 896 4385 Dionem.

3348 582 3509 662 217'

2078 767 2247 832 Cum
2286 769 2352 831 in
2390 769 2681 853 pueritia
2720 773 3150 837 moderatum
3187 766 3341 846 sese,
3393 760 3507 834 af·

1979 862 2263 928 fabilem
2292 912 2312 943 ,
2365 865 2662 928 alienum
2695 886 2737 931 a
2765 867 3118 930 severitate
3162 866 3372 929 etiam
3395 870 3497 947 ju·

1985 960 2076 1023 sta
2121 961 2351 1050 peilam
2387 959 2639 1043 ferret,
2691 962 3051 1040 omnibus,
3106 963 3221 1047 qui
3287 962 3517 1025 talem*

1981 1076 2137 1119 eum
2175 1076 2466 1134 novere,
2520 1060 2761 1123 mirum
2788 1058 2998 1123 visum
3025 1108 3043 1136 ‚
3077 1071 3221 1121 tam
3251 1058 3494 1122 imma·

1980 1172 2133 1216 nem
2176 1171 2328 1215 eum
2357 1200 2377 1229 ,
2431 1173 2587 1217 cum
2621 1156 2984 1240 pueritiam
3033 1154 3314 1240 egressus
3368 1152 3496 1229 est,

1978 1262 2047 1312 et
2083 1248 2483 1312 abnormem
2522 1245 2817 1315 bellua'm
2859 1250 3146 1315 evaliss'e.
3212 1249 3501 1312 Factum

1977 1344 2145 1409 istud
2182 1346 2557 1410 calliditate
2610 1349 2862 1434 ingenii
2921 1347 3138 1410 censet
3189 1345 3505 1430 Spartia-

1980 1461 2103 1505 nus
2133 1488 2153 1520 ,
2208 1454 2326 1504 aut
2348 1443 2533 1527 quod
2569 1445 2966 1509 Alexandro
3004 1444 3102 1508 M.
3143 1441 3370 1506 similis
3402 1443 3506 1506 vi·

1979 1540 2123 1601 deri
2159 1539 2416 1616 voluit,
2471 1544 2654 1622 cujus
2699 1528 3155 1624 non-quideni
3190 1539 3506 1619 virtutes,

1978 1635 2087 1698 sed
2135 1637 2308 1698 vitia
2348 1654 2483 1698 non
2526 1638 2736 1700 animi
2782 1637 3038 1714 minuS,
3093 1655 3298 1717 quam
3351 1656 3501 1700 cot·-

1974 1732 2163 1816 poris
2206 1730 2506 1795 servilem
2554 1733 2623 1795 in
2670 1735 2949 1797 modum
3010 1729 3099 1795 est
3150 1732 3501 1810 imitatuS,

1975 1840 2049 1890 ut
2074 1848 2183 1891 am
2242 1826 2367 1891 lius
2407 1828 2665 1892 dicetur
2697 1831 2765 1892 in
2791 1834 2931 1912 ejus
2970 1827 3341 1893 consecrati
3378 1849 3497 1893 nu-

1975 1926 2130 1989 mia.
2244 1944 2430 1986 erum
2493 1927 2791 1988 animum
2841 1947 2923 1989 ne
2970 1935 3177 2011 ¹patre
3223 1925 3500 2010 quidem

1976 2022 2139 2082 vivo
2179 2020 2402 2082 celare
2448 2020 2704 2097 valuit,
2779 2043 2824 2086 a
2873 2025 3056 2103 cujus
3115 2024 3507 2085 reverentia

1976 2134 2058 2177 ac
2097 2127 2279 2177 metu
2318 2127 2390 2177 ut
2423 2115 2552 2177 sese
2590 2116 2951 2195 liberaret,
3032 2137 3184 2180 eum
3225 2119 3294 2180 in
3352 2120 3495 2182 Bri·

1971 2211 2211 2272 tannia
2246 2210 2354 2273 seu
2400 2224 2525 2295 pet·
2568 2211 2881 2290 infidias,
2933 2211 3043 2276 seu
3092 2215 3490 2277 seditionem

1970 2307 2357 2367 interimere
2401 2307 2768 2389 aliquoties
2803 2308 3112 2373 tentavit.
3174 2310 3268 2371 -Et
3298 2323 3491 2394 patu-

1969 2402 2024 2462 it
2052 2413 2235 2483 tum,
2291 2403 2403 2489 qui
2439 2422 2639 2465 omne
2678 2405 2746 2466 in
2791 2418 3053 2489 patrem
3092 2403 3490 2489 obsequium

1969 2497 2194 2574 exuit,
2247 2498 2313 2558 in
2340 2496 2570 2561 fratris
2609 2500 2887 2562 caedem
2925 2499 3076 2562 fore
3113 2498 3488 2587 promptio-

1967 2613 2139 2670 rem,
2178 2612 2373 2677 quem
2393 2607 2648 2679 quanta
2671 2596 3099 2675 crudelitate,
3128 2599 3194 2660 in
3215 2617 3490 2664 omnem

1970 2690 2177 2752 etiarn
2218 2692 2358 2771 ejus
2403 2692 2679 2753 domum
2716 2704 3105 2785 propagata
3143 2690 3492 2775 sustulerit,

1971 2786 2223 2848 dictum
2263 2787 2351 2848 ad
2391 2806 2639 2850 annum
2682 2786 2885 2854 wc.
2944 2792 3126 2874 965,
3193 2802 3261 2853 et
3306 2788 3525 2856 infra*

1970 2883 2036 2944 in
2079 2878 2255 2945 Geta
2294 2880 2578 2948 dicetur.
2635 2885 2809 2949 Huic
2847 2885 2890 2949 fi
2927 2887 3221 2951 addatur
3261 2886 3493 2953 rabies

1967 2977 2462 3058 Alexandrina,
2492 2995 2877 3046 memorata
2910 2983 2997 3046 ad
3031 3002 3279 3046 annum
3308 2987 3389 3049 V.
3417 2985 3494 3055 C.

1974 3079 2158 3156 968,
2213 3094 2416 3157 quam
2472 3075 2816 3141 levissima
2869 3079 3073 3143 causa
3119 3082 3490 3163 excitavit,

1973 3170 2129 3232 satis
2167 3170 2647 3253 perspicimuS,
2702 3174 2868 3238 nihil
2942 3172 3133 3239 fuiss'e
3198 3188 3338 3239 tam
3392 3177 3495 3242 sa·

1976 3285 2161 3327 crum
2193 3312 2210 3340 ‚
2264 3277 2470 3347 atque
2516 3267 2937 3353 religiosum,
2991 3273 3177 3356 quod
3209 3291 3346 3335 non
3373 3293 3490 3339 au·
3582 3330 3591 3335 ,

1975 3360 2075 3422 sus
2116 3361 2271 3425 ,elset
2310 3360 2625 3444 sanguine
2679 3364 3022 3448 polluere,
3096 3386 3181 3429 ex
3227 3388 3364 3450 quo
3406 3371 3493 3432 de

1976 3455 2248 3538 reliquis
2287 3458 2427 3532 ejus
2473 3458 2799 3522 caedibus
2859 3460 3045 3522 velut
3085 3468 3207 3543 pet·
3253 3462 3489 3525 ludum

1972 3551 2266 3637 peractis
2304 3547 2512 3612 facile
2554 3554 2678 3615 erit
2703 3554 3029 3635 judicare.
3112 3555 3266 3618 Non
3314 3556 3489 3620 suffi-

1971 3647 2189 3710 ciente
2231 3649 2372 3727 ejus
2413 3649 2773 3731 cupiditati
2813 3650 3081 3713 aerario
3130 3669 3282 3715 cum
3335 3672 3490 3739 pro·

1972 3753 2121 3827 pter
2161 3741 2427 3805 insanos
2481 3743 2777 3828 sumptus
2828 3744 2897 3806 in
2952 3744 3337 3831 spectacula
3385 3747 3493 3815 fa·

1972 3850 2117 3901 ctos
2141 3884 2159 3912 ‚
2214 3848 2354 3898 tum
2390 3841 2573 3921 quod
2605 3840 2889 3904 militem
2921 3842 3341 3929 locupletare
3378 3867 3490 3910 ne-

1973 3933 2140 3997 cesse
2183 3931 2351 4012 fuit,
2404 3934 2534 3997 live
2562 3948 2633 3999 ut
2661 3937 2922 4001 caesum
2962 3936 3205 4003 Getam
3230 3945 3491 4027 patien-

1971 4042 2076 4093 ter
2126 4027 2375 4106 ferret‚
2447 4031 2579 4094 five
2622 4047 2694 4096 ut
2757 4047 3036 4120 propter
3104 4037 3490 4104 infidiarum

1976 4139 2227 4188 metum
2266 4127 2331 4188 in
2371 4126 2602 4191 officio
2646 4132 3000 4211 retineret,
3067 4135 3155 4196 in‘
3186 4135 3489 4199 omnium

1973 4224 2249 4308 impune
2287 4225 2540 4288 civium
2594 4225 2777 4289 bona
2827 4228 3206 4306 involavit,
3257 4231 3493 4316 palam

1974 4321 2378 4404 increpans,
2452 4325 2541 4386 ad
2590 4322 2655 4384 se
2711 4344 2915 4388 unum
2969 4325 3153 4389 orbis
3211 4327 3493 4392 divitias

321 4454 3465 4489 *mm-mm

415 4529 479 4594 ι)
519 4528 588 4587 L,
629 4526 958 4581 Lxxvnl.
996 4540 1046 4593 c,
1079 4531 1131 4584 6.

448 4603 646 4690 (Vol.
690 4602 894 4689 VII.)

1323 4526 1385 4600 b)
1425 4528 1568 4595 Cap·
1603 4532 1658 4582 6.
1789 4560 1798 4571 ·

2941 4611 3090 4676 ,Ee
