<?xml version="1.0" encoding="UTF-8"?>
<!DOCTYPE html PUBLIC "-//W3C//DTD XHTML 1.0 Transitional//EN"
    "http://www.w3.org/TR/xhtml1/DTD/xhtml1-transitional.dtd">
<html xmlns="http://www.w3.org/1999/xhtml" xml:lang="en" lang="en">
 <head>
  <title>
</title>
<meta http-equiv="Content-Type" content="text/html;charset=utf-8" />
  <meta name='ocr-system' content='tesseract 3.04.00' />
  <meta name='ocr-capabilities' content='ocr_page ocr_carea ocr_par ocr_line ocrx_word'/>
</head>
<body>
  <div class='ocr_page' id='page_1' title='image "./doctrinanumorum03unkngoog_0498.png"; bbox 0 0 4242 5459; ppageno 0'>
   <div class='ocr_carea' id='block_1_1' title="bbox 949 530 2979 639">
    <p class='ocr_par' dir='ltr' id='par_1_1' title="bbox 949 530 2979 639">
     <span class='ocr_line' id='line_1_1' title="bbox 949 530 2979 639; baseline -0.003 -18"><span class='ocrx_word' id='word_1_1' title='bbox 949 558 1093 639; x_wconf 77' lang='lat'><strong>466</strong></span> <span class='ocrx_word' id='word_1_2' title='bbox 2162 530 2979 617; x_wconf 74' lang='lat' dir='ltr'><strong>MAC&#39;RIANVS.</strong></span> 
     </span>
    </p>
   </div>
   <div class='ocr_carea' id='block_1_2' title="bbox 924 734 3972 2087">
    <p class='ocr_par' dir='ltr' id='par_1_2' title="bbox 924 734 3972 2087">
     <span class='ocr_line' id='line_1_2' title="bbox 950 734 3968 829; baseline -0.001 -13"><span class='ocrx_word' id='word_1_3' title='bbox 950 762 1023 824; x_wconf 82' lang='lat' dir='ltr'><strong>iu</strong></span> <span class='ocrx_word' id='word_1_4' title='bbox 1080 748 1389 813; x_wconf 80' lang='lat' dir='ltr'>miseram</span> <span class='ocrx_word' id='word_1_5' title='bbox 1446 742 1831 806; x_wconf 75' lang='lat' dir='ltr'><strong>servitutem</strong></span> <span class='ocrx_word' id='word_1_6' title='bbox 1900 738 2239 806; x_wconf 84' lang='lat' dir='ltr'><strong>abstracti.</strong></span> <span class='ocrx_word' id='word_1_7' title='bbox 2311 746 2478 808; x_wconf 89' lang='lat' dir='ltr'><strong>Vtut</strong></span> <span class='ocrx_word' id='word_1_8' title='bbox 2556 761 2631 806; x_wconf 83' lang='lat' dir='ltr'><strong>re</strong></span> <span class='ocrx_word' id='word_1_9' title='bbox 2675 759 2828 805; x_wconf 86' lang='lat' dir='ltr'><strong>curn</strong></span> <span class='ocrx_word' id='word_1_10' title='bbox 2878 744 3044 809; x_wconf 88' lang='lat' dir='ltr'><strong>nulli</strong></span> <span class='ocrx_word' id='word_1_11' title='bbox 3085 734 3224 827; x_wconf 69' lang='lat' dir='ltr'><strong>eius</strong></span> <span class='ocrx_word' id='word_1_12' title='bbox 3277 746 3645 814; x_wconf 78' lang='lat' dir='ltr'><strong>habeantur</strong></span> <span class='ocrx_word' id='word_1_13' title='bbox 3695 754 3864 829; x_wconf 88' lang='lat' dir='ltr'><strong>numi,</strong></span> <span class='ocrx_word' id='word_1_14' title='bbox 3901 754 3968 817; x_wconf 70' lang='lat' dir='ltr'><strong>ets</strong></span> 
     </span>
     <span class='ocr_line' id='line_1_3' title="bbox 946 838 3971 928; baseline -0.006 -11"><span class='ocrx_word' id='word_1_15' title='bbox 946 852 1107 928; x_wconf 90' lang='lat' dir='ltr'><strong>erit,</strong></span> <span class='ocrx_word' id='word_1_16' title='bbox 1162 843 1465 910; x_wconf 84' lang='lat' dir='ltr'><strong>collectis</strong></span> <span class='ocrx_word' id='word_1_17' title='bbox 1510 840 1843 903; x_wconf 82' lang='lat' dir='ltr'><strong>exercitus</strong></span> <span class='ocrx_word' id='word_1_18' title='bbox 1889 840 2231 923; x_wconf 85' lang='lat' dir='ltr'><strong>reliquiis,</strong></span> <span class='ocrx_word' id='word_1_19' title='bbox 2288 843 2474 924; x_wconf 89' lang='lat' dir='ltr'><strong>quod</strong></span> <span class='ocrx_word' id='word_1_20' title='bbox 2553 838 2871 922; x_wconf 84' lang='lat' dir='ltr'><strong>supersint</strong></span> <span class='ocrx_word' id='word_1_21' title='bbox 2907 842 3158 928; x_wconf 81' lang='lat' dir='ltr'><strong>copiosi</strong></span> <span class='ocrx_word' id='word_1_22' title='bbox 3207 842 3542 923; x_wconf 85' lang='lat' dir='ltr'><strong>filiorum,</strong></span> <span class='ocrx_word' id='word_1_23' title='bbox 3613 868 3734 911; x_wconf 81' lang='lat' dir='ltr'><strong>non</strong></span> <span class='ocrx_word' id='word_1_24' title='bbox 3775 849 3971 913; x_wconf 66' lang='lat' dir='ltr'><strong>obscure</strong></span> 
     </span>
     <span class='ocr_line' id='line_1_4' title="bbox 939 935 3972 1035; baseline -0.012 -20"><span class='ocrx_word' id='word_1_25' title='bbox 939 952 1140 1035; x_wconf 85' lang='lat' dir='ltr'><strong>supra</strong></span> <span class='ocrx_word' id='word_1_26' title='bbox 1182 942 1463 1006; x_wconf 90' lang='lat' dir='ltr'><strong>modum</strong></span> <span class='ocrx_word' id='word_1_27' title='bbox 1508 937 1699 999; x_wconf 82' lang='lat' dir='ltr'><strong>dives</strong></span> <span class='ocrx_word' id='word_1_28' title='bbox 1741 935 1935 1010; x_wconf 79' lang='lat' dir='ltr'><strong>esset,</strong></span> <span class='ocrx_word' id='word_1_29' title='bbox 2007 955 2088 998; x_wconf 88' lang='lat' dir='ltr'><strong>ac</strong></span> <span class='ocrx_word' id='word_1_30' title='bbox 2154 935 2256 999; x_wconf 85' lang='lat' dir='ltr'><strong>rei</strong></span> <span class='ocrx_word' id='word_1_31' title='bbox 2301 937 2473 1001; x_wconf 85' lang='lat' dir='ltr'><strong>rnili-</strong></span> <span class='ocrx_word' id='word_1_32' title='bbox 2553 935 2976 1021; x_wconf 87' lang='lat' dir='ltr'><strong>colligimus,</strong></span> <span class='ocrx_word' id='word_1_33' title='bbox 3069 941 3494 1006; x_wconf 72' lang='lat' dir='ltr'><strong>Macrianum</strong></span> <span class='ocrx_word' id='word_1_34' title='bbox 3562 958 3823 1030; x_wconf 54' lang='lat' dir='ltr'><strong>patrem,</strong></span> <span class='ocrx_word' id='word_1_35' title='bbox 3876 958 3972 1007; x_wconf 85' lang='lat' dir='ltr'><strong>utut</strong></span> 
     </span>
     <span class='ocr_line' id='line_1_5' title="bbox 939 1031 3969 1126; baseline -0.021 -16"><span class='ocrx_word' id='word_1_36' title='bbox 939 1046 1109 1111; x_wconf 84' lang='lat' dir='ltr'><strong>taris</strong></span> <span class='ocrx_word' id='word_1_37' title='bbox 1148 1036 1541 1123; x_wconf 79' lang='lat' dir='ltr'><strong>cumprimis</strong></span> <span class='ocrx_word' id='word_1_38' title='bbox 1601 1053 1845 1117; x_wconf 88' lang='lat' dir='ltr'><strong>gnarus</strong></span> <span class='ocrx_word' id='word_1_39' title='bbox 1876 1080 1894 1107; x_wconf 92' lang='lat'>‚</span> <span class='ocrx_word' id='word_1_40' title='bbox 1949 1031 2061 1094; x_wconf 77' lang='grc' dir='ltr'><strong>εῑῐὶ</strong></span> <span class='ocrx_word' id='word_1_41' title='bbox 2118 1053 2242 1117; x_wconf 90' lang='lat' dir='ltr'><strong>per</strong></span> <span class='ocrx_word' id='word_1_42' title='bbox 2283 1046 2473 1099; x_wconf 82' lang='lat' dir='ltr'><strong>aeta·</strong></span> <span class='ocrx_word' id='word_1_43' title='bbox 2554 1032 2912 1116; x_wconf 84' lang='lat' dir='ltr'><strong>imperium</strong></span> <span class='ocrx_word' id='word_1_44' title='bbox 2947 1041 3455 1123; x_wconf 70' lang='lat' dir='ltr'><strong>acceptaverit,</strong></span> <span class='ocrx_word' id='word_1_45' title='bbox 3503 1042 3568 1103; x_wconf 73' lang='lat' dir='ltr'><strong>id</strong></span> <span class='ocrx_word' id='word_1_46' title='bbox 3623 1040 3780 1105; x_wconf 78' lang='lat' dir='ltr'><strong>forte</strong></span> <span class='ocrx_word' id='word_1_47' title='bbox 3815 1044 3969 1126; x_wconf 48' lang='lat' dir='ltr'>magis</span> 
     </span>
     <span class='ocr_line' id='line_1_6' title="bbox 939 1127 3966 1223; baseline -0.003 -17"><span class='ocrx_word' id='word_1_48' title='bbox 939 1157 1079 1207; x_wconf 85' lang='lat' dir='ltr'><strong>tem</strong></span> <span class='ocrx_word' id='word_1_49' title='bbox 1122 1159 1202 1200; x_wconf 87' lang='lat' dir='ltr'><strong>ac</strong></span> <span class='ocrx_word' id='word_1_50' title='bbox 1227 1133 1502 1197; x_wconf 83' lang='lat' dir='ltr'><strong>morbos</strong></span> <span class='ocrx_word' id='word_1_51' title='bbox 1525 1134 1663 1212; x_wconf 85' lang='lat' dir='ltr'><strong>jam</strong></span> <span class='ocrx_word' id='word_1_52' title='bbox 1701 1147 1940 1213; x_wconf 88' lang='lat' dir='ltr'><strong>parum</strong></span> <span class='ocrx_word' id='word_1_53' title='bbox 1968 1131 2237 1193; x_wconf 84' lang='lat' dir='ltr'><strong>validus</strong></span> <span class='ocrx_word' id='word_1_54' title='bbox 2270 1151 2470 1216; x_wconf 83' lang='lat' dir='ltr'><strong>agen·</strong></span> <span class='ocrx_word' id='word_1_55' title='bbox 2550 1127 2844 1191; x_wconf 88' lang='lat' dir='ltr'><strong>filiorum</strong></span> <span class='ocrx_word' id='word_1_56' title='bbox 2880 1133 3081 1196; x_wconf 86' lang='lat' dir='ltr'><strong>causa</strong></span> <span class='ocrx_word' id='word_1_57' title='bbox 3124 1133 3393 1218; x_wconf 86' lang='lat' dir='ltr'><strong>fecisse,</strong></span> <span class='ocrx_word' id='word_1_58' title='bbox 3446 1149 3510 1199; x_wconf 88' lang='lat' dir='ltr'><strong>et</strong></span> <span class='ocrx_word' id='word_1_59' title='bbox 3550 1159 3705 1223; x_wconf 85' lang='lat' dir='ltr'><strong>quos</strong></span> <span class='ocrx_word' id='word_1_60' title='bbox 3752 1160 3787 1201; x_wconf 88' lang='lat' dir='ltr'><strong>a</strong></span> <span class='ocrx_word' id='word_1_61' title='bbox 3831 1138 3876 1199; x_wconf 85' lang='lat' dir='ltr'><strong>se</strong></span> <span class='ocrx_word' id='word_1_62' title='bbox 3922 1158 3966 1198; x_wconf 79' lang='lat' dir='ltr'><strong>a·</strong></span> 
     </span>
     <span class='ocr_line' id='line_1_7' title="bbox 943 1225 3962 1318; baseline -0.004 -16"><span class='ocrx_word' id='word_1_63' title='bbox 943 1252 1013 1302; x_wconf 79' lang='lat' dir='ltr'><strong>te</strong></span> <span class='ocrx_word' id='word_1_64' title='bbox 1055 1230 1304 1299; x_wconf 77' lang='lat' dir='ltr'><strong>Balista</strong></span> <span class='ocrx_word' id='word_1_65' title='bbox 1359 1226 1674 1291; x_wconf 83' lang='lat' dir='ltr'><strong>adversus</strong></span> <span class='ocrx_word' id='word_1_66' title='bbox 1739 1225 2124 1289; x_wconf 86' lang='lat' dir='ltr'><strong>Gallienum</strong></span> <span class='ocrx_word' id='word_1_67' title='bbox 2178 1228 2469 1312; x_wconf 83' lang='lat' dir='ltr'><strong>impera·</strong></span> <span class='ocrx_word' id='word_1_68' title='bbox 2551 1225 2825 1290; x_wconf 86' lang='lat' dir='ltr'><strong>molitus</strong></span> <span class='ocrx_word' id='word_1_69' title='bbox 2863 1226 2952 1291; x_wconf 80' lang='lat' dir='ltr'><strong>est</strong></span> <span class='ocrx_word' id='word_1_70' title='bbox 3006 1229 3301 1295; x_wconf 85' lang='lat' dir='ltr'>honores</span> <span class='ocrx_word' id='word_1_71' title='bbox 3349 1233 3683 1318; x_wconf 87' lang='lat' dir='ltr'><strong>publicos,</strong></span> <span class='ocrx_word' id='word_1_72' title='bbox 3748 1234 3863 1297; x_wconf 87' lang='lat' dir='ltr'><strong>unis</strong></span> <span class='ocrx_word' id='word_1_73' title='bbox 3896 1233 3962 1295; x_wconf 77' lang='lat' dir='ltr'><strong>his</strong></span> 
     </span>
     <span class='ocr_line' id='line_1_8' title="bbox 936 1321 3966 1405; baseline -0.003 -5"><span class='ocrx_word' id='word_1_74' title='bbox 936 1349 1049 1399; x_wconf 86' lang='lat' dir='ltr'><strong>tor</strong></span> <span class='ocrx_word' id='word_1_75' title='bbox 1098 1332 1345 1394; x_wconf 86' lang='lat' dir='ltr'><strong>dicitnr</strong></span> <span class='ocrx_word' id='word_1_76' title='bbox 1412 1324 1567 1387; x_wconf 80' lang='lat' dir='ltr'><strong>siliis</strong></span> <span class='ocrx_word' id='word_1_77' title='bbox 1640 1322 1997 1385; x_wconf 76' lang='lat' dir='ltr'><strong>Macriano</strong></span> <span class='ocrx_word' id='word_1_78' title='bbox 2067 1336 2133 1388; x_wconf 82' lang='lat' dir='ltr'><strong>et</strong></span> <span class='ocrx_word' id='word_1_79' title='bbox 2214 1321 2490 1405; x_wconf 70' lang='lat' dir='ltr'><strong>Quieto.</strong></span> <span class='ocrx_word' id='word_1_80' title='bbox 2550 1323 2938 1405; x_wconf 75' lang='lat' dir='ltr'><strong>permisisse.</strong></span> <span class='ocrx_word' id='word_1_81' title='bbox 3054 1327 3320 1391; x_wconf 81' lang='lat' dir='ltr'><strong>Tamen</strong></span> <span class='ocrx_word' id='word_1_82' title='bbox 3363 1329 3404 1393; x_wconf 83' lang='lat' dir='ltr'><strong>si</strong></span> <span class='ocrx_word' id='word_1_83' title='bbox 3456 1351 3614 1393; x_wconf 90' lang='lat' dir='ltr'><strong>unus</strong></span> <span class='ocrx_word' id='word_1_84' title='bbox 3658 1344 3966 1393; x_wconf 79' lang='lat' dir='ltr'><strong>tantumex·</strong></span> 
     </span>
     <span class='ocr_line' id='line_1_9' title="bbox 928 1415 3967 1512; baseline -0.004 -16"><span class='ocrx_word' id='word_1_85' title='bbox 928 1427 1241 1512; x_wconf 81' lang='lat' dir='ltr'><strong>-conlegis</strong></span> <span class='ocrx_word' id='word_1_86' title='bbox 1282 1422 1555 1486; x_wconf 88' lang='lat' dir='ltr'><strong>additis.</strong></span> <span class='ocrx_word' id='word_1_87' title='bbox 1610 1419 1838 1482; x_wconf 86' lang='lat' dir='ltr'><strong>Rebus</strong></span> <span class='ocrx_word' id='word_1_88' title='bbox 1868 1418 1932 1481; x_wconf 88' lang='lat' dir='ltr'><strong>in</strong></span> <span class='ocrx_word' id='word_1_89' title='bbox 1973 1419 2251 1483; x_wconf 79' lang='lat' dir='ltr'><strong>Oriente</strong></span> <span class='ocrx_word' id='word_1_90' title='bbox 2294 1423 2469 1482; x_wconf 85' lang='lat' dir='ltr'><strong>ordi·</strong></span> <span class='ocrx_word' id='word_1_91' title='bbox 2553 1415 2675 1482; x_wconf 83' lang='lat' dir='ltr'><strong>stat</strong></span> <span class='ocrx_word' id='word_1_92' title='bbox 2719 1420 2786 1480; x_wconf 91' lang='lat' dir='ltr'><strong>in</strong></span> <span class='ocrx_word' id='word_1_93' title='bbox 2837 1424 3054 1487; x_wconf 88' lang='lat' dir='ltr'><strong>numis</strong></span> <span class='ocrx_word' id='word_1_94' title='bbox 3119 1425 3512 1489; x_wconf 76' lang='lat' dir='ltr'><strong>Macrianus</strong></span> <span class='ocrx_word' id='word_1_95' title='bbox 3541 1474 3558 1505; x_wconf 90' lang='lat'>,</span> <span class='ocrx_word' id='word_1_96' title='bbox 3609 1429 3854 1502; x_wconf 89' lang='lat' dir='ltr'><strong>mirum,</strong></span> <span class='ocrx_word' id='word_1_97' title='bbox 3892 1445 3967 1488; x_wconf 84' lang='lat' dir='ltr'><strong>cur</strong></span> 
     </span>
     <span class='ocr_line' id='line_1_10' title="bbox 940 1512 3962 1608; baseline -0.003 -16"><span class='ocrx_word' id='word_1_98' title='bbox 940 1528 1160 1600; x_wconf 82' lang='lat' dir='ltr'><strong>natis,</strong></span> <span class='ocrx_word' id='word_1_99' title='bbox 1214 1522 1586 1603; x_wconf 84' lang='lat' dir='ltr'><strong>relictoque</strong></span> <span class='ocrx_word' id='word_1_100' title='bbox 1640 1517 1734 1579; x_wconf 89' lang='lat' dir='ltr'><strong>ibi</strong></span> <span class='ocrx_word' id='word_1_101' title='bbox 1781 1514 2069 1597; x_wconf 85' lang='lat' dir='ltr'><strong>Quieto,</strong></span> <span class='ocrx_word' id='word_1_102' title='bbox 2123 1537 2260 1579; x_wconf 88' lang='lat' dir='ltr'><strong>una</strong></span> <span class='ocrx_word' id='word_1_103' title='bbox 2316 1537 2468 1580; x_wconf 87' lang='lat' dir='ltr'><strong>cum</strong></span> <span class='ocrx_word' id='word_1_104' title='bbox 2535 1512 2659 1576; x_wconf 75' lang='lat' dir='ltr'><strong>:hic</strong></span> <span class='ocrx_word' id='word_1_105' title='bbox 2731 1534 2898 1581; x_wconf 85' lang='lat' dir='ltr'><strong>unus</strong></span> <span class='ocrx_word' id='word_1_106' title='bbox 2975 1522 3171 1582; x_wconf 83' lang='lat' dir='ltr'><strong>varia</strong></span> <span class='ocrx_word' id='word_1_107' title='bbox 3223 1522 3290 1583; x_wconf 84' lang='lat' dir='ltr'><strong>in</strong></span> <span class='ocrx_word' id='word_1_108' title='bbox 3362 1522 3493 1585; x_wconf 86' lang='lat' dir='ltr'><strong>illis</strong></span> <span class='ocrx_word' id='word_1_109' title='bbox 3555 1521 3851 1608; x_wconf 82' lang='lat' dir='ltr'><strong>praeferat</strong></span> <span class='ocrx_word' id='word_1_110' title='bbox 3888 1542 3962 1585; x_wconf 87' lang='lat' dir='ltr'><strong>no·</strong></span> 
     </span>
     <span class='ocr_line' id='line_1_11' title="bbox 924 1612 3960 1694; baseline -0.003 -4"><span class='ocrx_word' id='word_1_111' title='bbox 924 1626 1158 1691; x_wconf 83' lang='lat' dir='ltr'><strong>-altero</strong></span> <span class='ocrx_word' id='word_1_112' title='bbox 1201 1619 1342 1682; x_wconf 85' lang='lat' dir='ltr'><strong>filio</strong></span> <span class='ocrx_word' id='word_1_113' title='bbox 1383 1618 1452 1679; x_wconf 91' lang='lat' dir='ltr'><strong>in</strong></span> <span class='ocrx_word' id='word_1_114' title='bbox 1500 1613 1940 1694; x_wconf 78' lang='lat' dir='ltr'><strong>Occidentem</strong></span> <span class='ocrx_word' id='word_1_115' title='bbox 2012 1626 2245 1675; x_wconf 88' lang='lat' dir='ltr'><strong>movet</strong></span> <span class='ocrx_word' id='word_1_116' title='bbox 2293 1614 2471 1678; x_wconf 88' lang='lat' dir='ltr'><strong>hunc</strong></span> <span class='ocrx_word' id='word_1_117' title='bbox 2547 1612 2757 1678; x_wconf 86' lang='lat' dir='ltr'><strong>mina.</strong></span> <span class='ocrx_word' id='word_1_118' title='bbox 2863 1615 2939 1678; x_wconf 91' lang='lat' dir='ltr'><strong>In</strong></span> <span class='ocrx_word' id='word_1_119' title='bbox 2981 1617 3202 1680; x_wconf 80' lang='lat' dir='ltr'><strong>nuruis</strong></span> <span class='ocrx_word' id='word_1_120' title='bbox 3241 1617 3710 1683; x_wconf 81' lang='lat' dir='ltr'><strong>Alexandrinis</strong></span> <span class='ocrx_word' id='word_1_121' title='bbox 3753 1621 3875 1683; x_wconf 84' lang='lat' dir='ltr'><strong>aliis</strong></span> <span class='ocrx_word' id='word_1_122' title='bbox 3900 1621 3960 1681; x_wconf 89' lang='lat' dir='ltr'><strong>di·</strong></span> 
     </span>
     <span class='ocr_line' id='line_1_12' title="bbox 940 1702 3962 1804; baseline -0.014 -18"><span class='ocrx_word' id='word_1_123' title='bbox 940 1738 1212 1804; x_wconf 89' lang='lat' dir='ltr'><strong>quoque</strong></span> <span class='ocrx_word' id='word_1_124' title='bbox 1254 1714 1370 1776; x_wconf 81' lang='lat' dir='ltr'><strong>fibi</strong></span> <span class='ocrx_word' id='word_1_125' title='bbox 1423 1711 1833 1790; x_wconf 81' lang='lat' dir='ltr'><strong>subjecturus</strong></span> <span class='ocrx_word' id='word_1_126' title='bbox 1865 1756 1884 1783; x_wconf 85' lang='lat'>,</span> <span class='ocrx_word' id='word_1_127' title='bbox 1939 1712 2215 1792; x_wconf 86' lang='lat' dir='ltr'><strong>jamque</strong></span> <span class='ocrx_word' id='word_1_128' title='bbox 2277 1712 2350 1772; x_wconf 71' lang='lat' dir='ltr'><strong>in‘</strong></span> <span class='ocrx_word' id='word_1_129' title='bbox 2389 1711 2464 1772; x_wconf 86' lang='lat' dir='ltr'><strong>ll·</strong></span> <span class='ocrx_word' id='word_1_130' title='bbox 2551 1702 2755 1769; x_wconf 65' lang='lat' dir='ltr'><strong>citur}</strong></span> <span class='ocrx_word' id='word_1_131' title='bbox 2808 1710 2897 1776; x_wconf 78' lang='lat' dir='ltr'><strong>T,</strong></span> <span class='ocrx_word' id='word_1_132' title='bbox 2936 1714 3022 1777; x_wconf 79' lang='grc' dir='ltr'><strong>Φ,</strong></span> <span class='ocrx_word' id='word_1_133' title='bbox 3068 1716 3297 1778; x_wconf 52' lang='grc' dir='ltr'><strong>ῙΟὙΝ,</strong></span> <span class='ocrx_word' id='word_1_134' title='bbox 3341 1717 3850 1793; x_wconf 55' lang='lat' dir='ltr'><strong>MAKPIANOC,</strong></span> <span class='ocrx_word' id='word_1_135' title='bbox 3892 1716 3962 1780; x_wconf 52' lang='grc' dir='ltr'><strong>Τί,</strong></span> 
     </span>
     <span class='ocr_line' id='line_1_13' title="bbox 937 1805 3964 1901; baseline -0.005 -21"><span class='ocrx_word' id='word_1_136' title='bbox 937 1819 1227 1901; x_wconf 85' lang='lat' dir='ltr'><strong>lyricum</strong></span> <span class='ocrx_word' id='word_1_137' title='bbox 1261 1820 1663 1895; x_wconf 82' lang='lat' dir='ltr'><strong>pervenerat</strong></span> <span class='ocrx_word' id='word_1_138' title='bbox 1687 1856 1705 1886; x_wconf 93' lang='lat'>‚</span> <span class='ocrx_word' id='word_1_139' title='bbox 1760 1805 1945 1888; x_wconf 87' lang='lat' dir='ltr'><strong>quod</strong></span> <span class='ocrx_word' id='word_1_140' title='bbox 1976 1817 2130 1867; x_wconf 69' lang='lat' dir='ltr'><strong>tum</strong></span> <span class='ocrx_word' id='word_1_141' title='bbox 2165 1805 2465 1869; x_wconf 81' lang='lat' dir='ltr'><strong>Aureolo</strong></span> <span class='ocrx_word' id='word_1_142' title='bbox 2543 1812 2650 1867; x_wconf 77' lang='lat' dir='ltr'><strong>tus</strong></span> <span class='ocrx_word' id='word_1_143' title='bbox 2683 1806 2944 1872; x_wconf 69' lang='lat' dir='ltr'><strong>Fulvius</strong></span> <span class='ocrx_word' id='word_1_144' title='bbox 2989 1810 3215 1875; x_wconf 78' lang='lat' dir='ltr'><strong>Iunius</strong></span> <span class='ocrx_word' id='word_1_145' title='bbox 3269 1813 3676 1891; x_wconf 76' lang='lat' dir='ltr'><strong>Macrianus,</strong></span> <span class='ocrx_word' id='word_1_146' title='bbox 3737 1816 3792 1876; x_wconf 83' lang='lat' dir='ltr'><strong>in</strong></span> <span class='ocrx_word' id='word_1_147' title='bbox 3829 1812 3964 1876; x_wconf 76' lang='lat' dir='ltr'><strong>auis:</strong></span> 
     </span>
     <span class='ocr_line' id='line_1_14' title="bbox 934 1901 3964 2000; baseline -0.002 -23"><span class='ocrx_word' id='word_1_148' title='bbox 934 1912 1213 2000; x_wconf 86' lang='lat' dir='ltr'><strong>paruit,</strong></span> <span class='ocrx_word' id='word_1_149' title='bbox 1285 1902 1837 1969; x_wconf 83' lang='lat' dir='ltr'><strong>verum-collatis</strong></span> <span class='ocrx_word' id='word_1_150' title='bbox 1882 1922 2034 1966; x_wconf 90' lang='lat' dir='ltr'><strong>cum</strong></span> <span class='ocrx_word' id='word_1_151' title='bbox 2086 1903 2218 1965; x_wconf 89' lang='lat' dir='ltr'><strong>hoc</strong></span> <span class='ocrx_word' id='word_1_152' title='bbox 2273 1902 2465 1987; x_wconf 79' lang='lat' dir='ltr'><strong>signis</strong></span> <span class='ocrx_word' id='word_1_153' title='bbox 2547 1901 2636 1963; x_wconf 90' lang='lat' dir='ltr'><strong>M.</strong></span> <span class='ocrx_word' id='word_1_154' title='bbox 2695 1902 2807 1962; x_wconf 87' lang='lat' dir='ltr'><strong>vel</strong></span> <span class='ocrx_word' id='word_1_155' title='bbox 2879 1906 3032 1970; x_wconf 78' lang='lat' dir='ltr'><strong>MA.</strong></span> <span class='ocrx_word' id='word_1_156' title='bbox 3096 1909 3297 1973; x_wconf 82' lang='grc' dir='ltr'><strong>ΦΟΤ.</strong></span> <span class='ocrx_word' id='word_1_157' title='bbox 3369 1911 3864 1984; x_wconf 74' lang='grc' dir='ltr'>ΜΑΚΡΙΛΝΟΕ,</span> <span class='ocrx_word' id='word_1_158' title='bbox 3901 1907 3964 1971; x_wconf 74' lang='lat' dir='ltr'><strong>M.</strong></span> 
     </span>
     <span class='ocr_line' id='line_1_15' title="bbox 934 1996 3960 2087; baseline -0.002 -15"><span class='ocrx_word' id='word_1_159' title='bbox 934 2008 1219 2072; x_wconf 79' lang='lat' dir='ltr'><strong>inferior</strong></span> <span class='ocrx_word' id='word_1_160' title='bbox 1256 2003 1390 2087; x_wconf 83' lang='lat' dir='ltr'><strong>ipse</strong></span> <span class='ocrx_word' id='word_1_161' title='bbox 1436 2022 1587 2065; x_wconf 83' lang='lat' dir='ltr'><strong>cum</strong></span> <span class='ocrx_word' id='word_1_162' title='bbox 1628 1999 1766 2062; x_wconf 84' lang='lat' dir='ltr'><strong>filio</strong></span> <span class='ocrx_word' id='word_1_163' title='bbox 1817 1999 2213 2063; x_wconf 82' lang='lat' dir='ltr'><strong>interficitur</strong></span> <span class='ocrx_word' id='word_1_164' title='bbox 2260 2002 2338 2066; x_wconf 88' lang='lat' dir='ltr'><strong>V.</strong></span> <span class='ocrx_word' id='word_1_165' title='bbox 2384 1999 2460 2066; x_wconf 90' lang='lat' dir='ltr'><strong>C.</strong></span> <span class='ocrx_word' id='word_1_166' title='bbox 2546 1996 2811 2063; x_wconf 77' lang='lat' dir='ltr'><strong>Fulvius</strong></span> <span class='ocrx_word' id='word_1_167' title='bbox 2862 2004 3255 2071; x_wconf 71' lang='lat' dir='ltr'><strong>Macrianus.</strong></span> <span class='ocrx_word' id='word_1_168' title='bbox 3356 2010 3464 2069; x_wconf 88' lang='lat' dir='ltr'><strong>An</strong></span> <span class='ocrx_word' id='word_1_169' title='bbox 3524 2028 3678 2070; x_wconf 89' lang='lat' dir='ltr'><strong>unus</strong></span> <span class='ocrx_word' id='word_1_170' title='bbox 3737 2009 3960 2087; x_wconf 83' lang='lat' dir='ltr'><strong>idemque</strong></span> 
     </span>
    </p>
   </div>
   <div class='ocr_carea' id='block_1_3' title="bbox 935 2095 3965 2367">
    <p class='ocr_par' dir='ltr' id='par_1_3' title="bbox 935 2095 3965 2367">
     <span class='ocr_line' id='line_1_16' title="bbox 935 2095 3965 2191; baseline -0.003 -22"><span class='ocrx_word' id='word_1_171' title='bbox 935 2126 1124 2191; x_wconf 75' lang='lat'>’¹⁰¹5</span> <span class='ocrx_word' id='word_1_172' title='bbox 1182 2105 1265 2168; x_wconf 75' lang='lat' dir='ltr'><strong>P:</strong></span> <span class='ocrx_word' id='word_1_173' title='bbox 1294 2103 1374 2166; x_wconf 88' lang='lat' dir='ltr'><strong>X.</strong></span> <span class='ocrx_word' id='word_1_174' title='bbox 1426 2103 1589 2163; x_wconf 83' lang='lat'><strong>262.</strong></span> <span class='ocrx_word' id='word_1_175' title='bbox 2548 2095 2791 2156; x_wconf 85' lang='lat' dir='ltr'><strong>eodem</strong></span> <span class='ocrx_word' id='word_1_176' title='bbox 2830 2110 3135 2184; x_wconf 88' lang='lat' dir='ltr'><strong>tempore</strong></span> <span class='ocrx_word' id='word_1_177' title='bbox 3174 2121 3589 2186; x_wconf 81' lang='lat' dir='ltr'><strong>praenomen</strong></span> <span class='ocrx_word' id='word_1_178' title='bbox 3637 2103 3841 2165; x_wconf 85' lang='lat' dir='ltr'><strong>habuit</strong></span> <span class='ocrx_word' id='word_1_179' title='bbox 3889 2098 3965 2162; x_wconf 71' lang='lat' dir='ltr'><strong>Tui</strong></span> 
     </span>
     <span class='ocr_line' id='line_1_17' title="bbox 2547 2192 3964 2276; baseline 0.004 -25"><span class='ocrx_word' id='word_1_180' title='bbox 2547 2201 2614 2252; x_wconf 90' lang='lat' dir='ltr'><strong>et</strong></span> <span class='ocrx_word' id='word_1_181' title='bbox 2661 2192 2921 2259; x_wconf 79' lang='lat' dir='ltr'><strong>Marci?</strong></span> <span class='ocrx_word' id='word_1_182' title='bbox 2972 2195 3174 2276; x_wconf 84' lang='lat' dir='ltr'><strong>Quod</strong></span> <span class='ocrx_word' id='word_1_183' title='bbox 3211 2196 3253 2258; x_wconf 86' lang='lat' dir='ltr'><strong>fi</strong></span> <span class='ocrx_word' id='word_1_184' title='bbox 3291 2201 3648 2263; x_wconf 84' lang='lat' dir='ltr'><strong>audiamus</strong></span> <span class='ocrx_word' id='word_1_185' title='bbox 3695 2196 3964 2261; x_wconf 81' lang='lat' dir='ltr'><strong>testimoni·</strong></span> 
     </span>
     <span class='ocr_line' id='line_1_18' title="bbox 1327 2289 3962 2367; baseline -0.005 -6"><span class='ocrx_word' id='word_1_186' title='bbox 1327 2294 1526 2361; x_wconf 81' lang='lat' dir='ltr'><strong>Numi</strong></span> <span class='ocrx_word' id='word_1_187' title='bbox 1576 2292 2087 2357; x_wconf 78' lang='lat' dir='ltr'><strong>Macrianorum..</strong></span> <span class='ocrx_word' id='word_1_188' title='bbox 2545 2304 2657 2347; x_wconf 87' lang='lat' dir='ltr'><strong>um</strong></span> <span class='ocrx_word' id='word_1_189' title='bbox 2707 2289 2788 2351; x_wconf 90' lang='lat' dir='ltr'><strong>cl.</strong></span> <span class='ocrx_word' id='word_1_190' title='bbox 2835 2290 3132 2367; x_wconf 87' lang='lat' dir='ltr'><strong>Sestinii,</strong></span> <span class='ocrx_word' id='word_1_191' title='bbox 3187 2293 3360 2356; x_wconf 87' lang='lat' dir='ltr'><strong>vidit</strong></span> <span class='ocrx_word' id='word_1_192' title='bbox 3389 2295 3459 2357; x_wconf 73' lang='lat' dir='ltr'><strong>&#39;is</strong></span> <span class='ocrx_word' id='word_1_193' title='bbox 3499 2316 3752 2357; x_wconf 88' lang='lat' dir='ltr'><strong>numum</strong></span> <span class='ocrx_word' id='word_1_194' title='bbox 3785 2291 3962 2357; x_wconf 83' lang='lat' dir='ltr'><strong>Macri·</strong></span> 
     </span>
    </p>
   </div>
   <div class='ocr_carea' id='block_1_4' title="bbox 898 2384 3964 4503">
    <p class='ocr_par' dir='ltr' id='par_1_4' title="bbox 898 2384 3964 4503">
     <span class='ocr_line' id='line_1_19' title="bbox 2541 2384 3961 2470; baseline 0.001 -27"><span class='ocrx_word' id='word_1_195' title='bbox 2541 2384 2703 2459; x_wconf 83' lang='lat' dir='ltr'><strong>ani,</strong></span> <span class='ocrx_word' id='word_1_196' title='bbox 2757 2408 2959 2470; x_wconf 83' lang='lat' dir='ltr'><strong>quem</strong></span> <span class='ocrx_word' id='word_1_197' title='bbox 3009 2386 3190 2449; x_wconf 86' lang='lat' dir='ltr'><strong>infra</strong></span> <span class='ocrx_word' id='word_1_198' title='bbox 3228 2390 3717 2469; x_wconf 77' lang='lat' dir='ltr'><strong>describemus,</strong></span> <span class='ocrx_word' id='word_1_199' title='bbox 3779 2393 3832 2453; x_wconf 85' lang='lat' dir='ltr'><strong>in</strong></span> <span class='ocrx_word' id='word_1_200' title='bbox 3875 2403 3961 2469; x_wconf 90' lang='lat' dir='ltr'><strong>quo</strong></span> 
     </span>
     <span class='ocr_line' id='line_1_20' title="bbox 898 2479 3960 2569; baseline -0.003 -22"><span class='ocrx_word' id='word_1_201' title='bbox 898 2561 907 2567; x_wconf 89' lang='lat'><strong>.</strong></span> <span class='ocrx_word' id='word_1_202' title='bbox 1026 2494 1143 2557; x_wconf 72' lang='lat' dir='ltr'><strong>&#39;Ait</strong></span> <span class='ocrx_word' id='word_1_203' title='bbox 1186 2487 1621 2562; x_wconf 71' lang='lat' dir='ltr'><strong>&#39;Bandurius,</strong></span> <span class='ocrx_word' id='word_1_204' title='bbox 1678 2480 1740 2561; x_wconf 76' lang='lat'><strong>⁸)</strong></span> <span class='ocrx_word' id='word_1_205' title='bbox 1784 2481 2053 2544; x_wconf 77' lang='lat' dir='ltr'><strong>&#39;nullum</strong></span> <span class='ocrx_word' id='word_1_206' title='bbox 2121 2482 2345 2548; x_wconf 86' lang='lat' dir='ltr'><strong>adhuc</strong></span> <span class='ocrx_word' id='word_1_207' title='bbox 2391 2487 2459 2550; x_wconf 76' lang='lat' dir='ltr'><strong>in</strong></span> <span class='ocrx_word' id='word_1_208' title='bbox 2542 2479 2937 2545; x_wconf 84' lang='lat' dir='ltr'><strong>Macrianus</strong></span> <span class='ocrx_word' id='word_1_209' title='bbox 3017 2484 3243 2569; x_wconf 79' lang='lat' dir='ltr'><strong>capite</strong></span> <span class='ocrx_word' id='word_1_210' title='bbox 3314 2485 3609 2551; x_wconf 86' lang='lat' dir='ltr'><strong>barbato</strong></span> <span class='ocrx_word' id='word_1_211' title='bbox 3685 2486 3960 2549; x_wconf 79' lang='lat' dir='ltr'><strong>exhibetur.</strong></span> 
     </span>
     <span class='ocr_line' id='line_1_21' title="bbox 930 2572 3961 2657; baseline -0.006 -3"><span class='ocrx_word' id='word_1_212' title='bbox 930 2582 1167 2654; x_wconf 73' lang='lat' dir='ltr'><strong>oculos</strong></span> <span class='ocrx_word' id='word_1_213' title='bbox 1207 2587 1355 2649; x_wconf 88' lang='lat' dir='ltr'><strong>suos</strong></span> <span class='ocrx_word' id='word_1_214' title='bbox 1384 2574 1735 2645; x_wconf 73' lang='lat' dir='ltr'><strong>incurrisse</strong></span> <span class='ocrx_word' id='word_1_215' title='bbox 1784 2581 2126 2657; x_wconf 68' lang='lat' dir='ltr'><strong>Macriani</strong></span> <span class='ocrx_word' id='word_1_216' title='bbox 2185 2583 2474 2644; x_wconf 73' lang='lat' dir='ltr'><strong>nomine·</strong></span> <span class='ocrx_word' id='word_1_217' title='bbox 2546 2572 2777 2654; x_wconf 85' lang='lat' dir='ltr'><strong>Quare</strong></span> <span class='ocrx_word' id='word_1_218' title='bbox 2816 2577 3187 2656; x_wconf 84' lang='lat' dir='ltr'><strong>existimat,</strong></span> <span class='ocrx_word' id='word_1_219' title='bbox 3243 2582 3670 2647; x_wconf 84' lang='lat' dir='ltr'><strong>Macrianum</strong></span> <span class='ocrx_word' id='word_1_220' title='bbox 3696 2581 3961 2646; x_wconf 82' lang='lat' dir='ltr'><strong>barbatum</strong></span> 
     </span>
     <span class='ocr_line' id='line_1_22' title="bbox 926 2668 3963 2770; baseline -0.006 -19"><span class='ocrx_word' id='word_1_221' title='bbox 926 2686 1306 2770; x_wconf 74' lang='lat' dir='ltr'><strong>insignitum</strong></span> <span class='ocrx_word' id='word_1_222' title='bbox 1362 2698 1680 2755; x_wconf 84' lang='lat' dir='ltr'><strong>numum,</strong></span> <span class='ocrx_word' id='word_1_223' title='bbox 1749 2679 1864 2757; x_wconf 87' lang='lat' dir='ltr'><strong>qui</strong></span> <span class='ocrx_word' id='word_1_224' title='bbox 1896 2677 1998 2737; x_wconf 81' lang='lat' dir='ltr'><strong>ad</strong></span> <span class='ocrx_word' id='word_1_225' title='bbox 2060 2675 2272 2738; x_wconf 86' lang='lat' dir='ltr'><strong>filium</strong></span> <span class='ocrx_word' id='word_1_226' title='bbox 2319 2697 2470 2738; x_wconf 37' lang='lat' dir='ltr'><strong>non*</strong></span> <span class='ocrx_word' id='word_1_227' title='bbox 2538 2668 3052 2737; x_wconf 81' lang='lat' dir='ltr'><strong>existimandum</strong></span> <span class='ocrx_word' id='word_1_228' title='bbox 3111 2689 3423 2761; x_wconf 83' lang='lat' dir='ltr'><strong>patrem,</strong></span> <span class='ocrx_word' id='word_1_229' title='bbox 3511 2680 3842 2743; x_wconf 77' lang='lat' dir='ltr'><strong>imberbem</strong></span> <span class='ocrx_word' id='word_1_230' title='bbox 3888 2672 3963 2735; x_wconf 79' lang='lat' dir='ltr'><strong>fili-</strong></span> 
     </span>
     <span class='ocr_line' id='line_1_23' title="bbox 924 2757 3962 2869; baseline -0.007 -22"><span class='ocrx_word' id='word_1_231' title='bbox 924 2784 1290 2869; x_wconf 86' lang='lat' dir='ltr'><strong>pertineret</strong></span> <span class='ocrx_word' id='word_1_232' title='bbox 1314 2824 1331 2855; x_wconf 83' lang='lat'>,</span> <span class='ocrx_word' id='word_1_233' title='bbox 1378 2766 1699 2857; x_wconf 77' lang='lat' dir='ltr'><strong>idemque</strong></span> <span class='ocrx_word' id='word_1_234' title='bbox 1751 2772 1864 2834; x_wconf 81' lang='lat' dir='ltr'><strong>[ibi</strong></span> <span class='ocrx_word' id='word_1_235' title='bbox 1915 2771 2228 2834; x_wconf 75' lang='lat' dir='ltr'><strong>accidisse</strong></span> <span class='ocrx_word' id='word_1_236' title='bbox 2262 2770 2452 2834; x_wconf 87' lang='lat' dir='ltr'><strong>testa·</strong></span> <span class='ocrx_word' id='word_1_237' title='bbox 2541 2783 2673 2827; x_wconf 82' lang='lat' dir='ltr'><strong>um.</strong></span> <span class='ocrx_word' id='word_1_238' title='bbox 2703 2757 2765 2846; x_wconf 78' lang='lat' dir='ltr'><strong>tl)</strong></span> <span class='ocrx_word' id='word_1_239' title='bbox 2818 2769 2949 2831; x_wconf 87' lang='lat' dir='ltr'><strong>Sed</strong></span> <span class='ocrx_word' id='word_1_240' title='bbox 2981 2771 3157 2834; x_wconf 85' lang='lat' dir='ltr'><strong>haec</strong></span> <span class='ocrx_word' id='word_1_241' title='bbox 3194 2773 3420 2837; x_wconf 86' lang='lat' dir='ltr'><strong>adhuc</strong></span> <span class='ocrx_word' id='word_1_242' title='bbox 3455 2778 3799 2839; x_wconf 88' lang='lat' dir='ltr'><strong>admodum</strong></span> <span class='ocrx_word' id='word_1_243' title='bbox 3824 2774 3962 2835; x_wconf 83' lang='lat' dir='ltr'><strong>incer-</strong></span> 
     </span>
     <span class='ocr_line' id='line_1_24' title="bbox 920 2868 3961 2960; baseline -0.003 -23"><span class='ocrx_word' id='word_1_244' title='bbox 920 2883 981 2941; x_wconf 80' lang='lat' dir='ltr'><strong>ri</strong></span> <span class='ocrx_word' id='word_1_245' title='bbox 1035 2876 1398 2960; x_wconf 87' lang='lat' dir='ltr'><strong>plerosque</strong></span> <span class='ocrx_word' id='word_1_246' title='bbox 1470 2872 1647 2932; x_wconf 86' lang='lat' dir='ltr'><strong>alios</strong></span> <span class='ocrx_word' id='word_1_247' title='bbox 1691 2868 2141 2950; x_wconf 77' lang='lat' dir='ltr'><strong>antiquarios,</strong></span> <span class='ocrx_word' id='word_1_248' title='bbox 2240 2868 2452 2929; x_wconf 80' lang='lat' dir='ltr'><strong>Reve-</strong></span> <span class='ocrx_word' id='word_1_249' title='bbox 2538 2871 2644 2936; x_wconf 82' lang='lat' dir='ltr'><strong>ta,</strong></span> <span class='ocrx_word' id='word_1_250' title='bbox 2700 2875 2771 2925; x_wconf 90' lang='lat' dir='ltr'><strong>ut</strong></span> <span class='ocrx_word' id='word_1_251' title='bbox 2805 2869 3128 2929; x_wconf 90' lang='lat' dir='ltr'><strong>continuo</strong></span> <span class='ocrx_word' id='word_1_252' title='bbox 3181 2870 3447 2933; x_wconf 92' lang='lat' dir='ltr'><strong>dicetur</strong></span> <span class='ocrx_word' id='word_1_253' title='bbox 3480 2921 3498 2949; x_wconf 89' lang='lat'>‚</span> <span class='ocrx_word' id='word_1_254' title='bbox 3570 2887 3634 2935; x_wconf 92' lang='lat' dir='ltr'><strong>et</strong></span> <span class='ocrx_word' id='word_1_255' title='bbox 3672 2872 3961 2956; x_wconf 78' lang='lat' dir='ltr'><strong>exspectan·</strong></span> 
     </span>
     <span class='ocr_line' id='line_1_25' title="bbox 920 2956 3964 3049; baseline -0 -19"><span class='ocrx_word' id='word_1_256' title='bbox 920 2994 1002 3036; x_wconf 80' lang='lat' dir='ltr'><strong>ra</strong></span> <span class='ocrx_word' id='word_1_257' title='bbox 1061 2968 1242 3031; x_wconf 88' lang='lat' dir='ltr'><strong>numi</strong></span> <span class='ocrx_word' id='word_1_258' title='bbox 1296 2964 1636 3037; x_wconf 82' lang='lat' dir='ltr'><strong>Macriani</strong></span> <span class='ocrx_word' id='word_1_259' title='bbox 1689 2982 1901 3043; x_wconf 81' lang='lat' dir='ltr'><strong>usque</strong></span> <span class='ocrx_word' id='word_1_260' title='bbox 1955 2962 2161 3024; x_wconf 87' lang='lat' dir='ltr'><strong>modo</strong></span> <span class='ocrx_word' id='word_1_261' title='bbox 2199 2965 2451 3048; x_wconf 82' lang='lat' dir='ltr'><strong>cogniti</strong></span> <span class='ocrx_word' id='word_1_262' title='bbox 2537 2956 2667 3020; x_wconf 89' lang='lat' dir='ltr'><strong>dae</strong></span> <span class='ocrx_word' id='word_1_263' title='bbox 2714 2960 3004 3024; x_wconf 88' lang='lat' dir='ltr'><strong>aliorum</strong></span> <span class='ocrx_word' id='word_1_264' title='bbox 3074 2964 3424 3049; x_wconf 84' lang='lat' dir='ltr'><strong>suppetiae</strong></span> <span class='ocrx_word' id='word_1_265' title='bbox 3484 2956 3839 3041; x_wconf 66' lang='lat' dir='ltr'><strong>nummum,</strong></span> <span class='ocrx_word' id='word_1_266' title='bbox 3892 2957 3964 3043; x_wconf 67' lang='lat' dir='ltr'><strong>qui</strong></span> 
     </span>
     <span class='ocr_line' id='line_1_26' title="bbox 922 3052 3964 3149; baseline -0.004 -17"><span class='ocrx_word' id='word_1_267' title='bbox 922 3068 1189 3132; x_wconf 83' lang='lat' dir='ltr'><strong>vultum</strong></span> <span class='ocrx_word' id='word_1_268' title='bbox 1247 3060 1616 3144; x_wconf 88' lang='lat' dir='ltr'><strong>juvenilem</strong></span> <span class='ocrx_word' id='word_1_269' title='bbox 1666 3059 2041 3149; x_wconf 79' lang='lat' dir='ltr'><strong>exhibent,</strong></span> <span class='ocrx_word' id='word_1_270' title='bbox 2108 3059 2223 3140; x_wconf 86' lang='lat' dir='ltr'><strong>qui</strong></span> <span class='ocrx_word' id='word_1_271' title='bbox 2271 3063 2448 3123; x_wconf 87' lang='lat' dir='ltr'><strong>adeo</strong></span> <span class='ocrx_word' id='word_1_272' title='bbox 2535 3055 2895 3121; x_wconf 80' lang='lat' dir='ltr'><strong>veritatem</strong></span> <span class='ocrx_word' id='word_1_273' title='bbox 2933 3064 3179 3125; x_wconf 87' lang='lat' dir='ltr'><strong>certius</strong></span> <span class='ocrx_word' id='word_1_274' title='bbox 3251 3052 3608 3131; x_wconf 76' lang='lat' dir='ltr'><strong>edoceant.</strong></span> <span class='ocrx_word' id='word_1_275' title='bbox 3693 3054 3964 3127; x_wconf 80' lang='lat' dir='ltr'><strong>observari</strong></span> 
     </span>
     <span class='ocr_line' id='line_1_27' title="bbox 918 3150 3963 3254; baseline -0.005 -25"><span class='ocrx_word' id='word_1_276' title='bbox 918 3164 1138 3254; x_wconf 83' lang='lat' dir='ltr'><strong>patris</strong></span> <span class='ocrx_word' id='word_1_277' title='bbox 1177 3160 1300 3224; x_wconf 80' lang='lat' dir='ltr'><strong>esse</strong></span> <span class='ocrx_word' id='word_1_278' title='bbox 1340 3177 1475 3221; x_wconf 89' lang='lat' dir='ltr'><strong>non</strong></span> <span class='ocrx_word' id='word_1_279' title='bbox 1520 3155 1819 3240; x_wconf 63' lang='lat' dir='ltr'><strong>possunt,</strong></span> <span class='ocrx_word' id='word_1_280' title='bbox 1873 3174 2073 3240; x_wconf 89' lang='lat' dir='ltr'><strong>quem</strong></span> <span class='ocrx_word' id='word_1_281' title='bbox 2099 3153 2278 3218; x_wconf 88' lang='lat' dir='ltr'><strong>senio</strong></span> <span class='ocrx_word' id='word_1_282' title='bbox 2297 3177 2447 3241; x_wconf 87' lang='lat' dir='ltr'><strong>gra·</strong></span> <span class='ocrx_word' id='word_1_283' title='bbox 2535 3150 2740 3213; x_wconf 85' lang='lat' dir='ltr'><strong>etiam</strong></span> <span class='ocrx_word' id='word_1_284' title='bbox 2783 3168 3117 3233; x_wconf 84' lang='lat' dir='ltr'><strong>meretur,</strong></span> <span class='ocrx_word' id='word_1_285' title='bbox 3172 3177 3214 3219; x_wconf 86' lang='lat' dir='ltr'><strong>a</strong></span> <span class='ocrx_word' id='word_1_286' title='bbox 3248 3161 3530 3222; x_wconf 88' lang='lat' dir='ltr'><strong>Zonara-</strong></span> <span class='ocrx_word' id='word_1_287' title='bbox 3548 3162 3697 3225; x_wconf 90' lang='lat' dir='ltr'><strong>loco</strong></span> <span class='ocrx_word' id='word_1_288' title='bbox 3728 3160 3879 3243; x_wconf 84' lang='lat' dir='ltr'><strong>supra</strong></span> <span class='ocrx_word' id='word_1_289' title='bbox 3900 3153 3963 3213; x_wconf 84' lang='lat' dir='ltr'><strong>in·</strong></span> 
     </span>
     <span class='ocr_line' id='line_1_28' title="bbox 918 3245 3960 3342; baseline -0.004 -19"><span class='ocrx_word' id='word_1_290' title='bbox 918 3280 1076 3328; x_wconf 70' lang='lat' dir='ltr'><strong>vem</strong></span> <span class='ocrx_word' id='word_1_291' title='bbox 1120 3256 1479 3342; x_wconf 86' lang='lat' dir='ltr'><strong>prodidere</strong></span> <span class='ocrx_word' id='word_1_292' title='bbox 1530 3250 1847 3317; x_wconf 81' lang='lat' dir='ltr'><strong>historici.</strong></span> <span class='ocrx_word' id='word_1_293' title='bbox 1945 3251 2031 3316; x_wconf 89' lang='lat' dir='ltr'><strong>Et</strong></span> <span class='ocrx_word' id='word_1_294' title='bbox 2082 3270 2248 3314; x_wconf 85' lang='lat' dir='ltr'><strong>vero</strong></span> <span class='ocrx_word' id='word_1_295' title='bbox 2301 3255 2446 3338; x_wconf 91' lang='lat' dir='ltr'><strong>ipso</strong></span> <span class='ocrx_word' id='word_1_296' title='bbox 2535 3245 2765 3310; x_wconf 77' lang='lat' dir='ltr'><strong>dicato</strong></span> <span class='ocrx_word' id='word_1_297' title='bbox 2821 3262 3088 3315; x_wconf 85' lang='lat' dir='ltr'><strong>tantum</strong></span> <span class='ocrx_word' id='word_1_298' title='bbox 3145 3252 3357 3316; x_wconf 87' lang='lat' dir='ltr'><strong>filium</strong></span> <span class='ocrx_word' id='word_1_299' title='bbox 3421 3259 3560 3321; x_wconf 89' lang='lat' dir='ltr'><strong>dici</strong></span> <span class='ocrx_word' id='word_1_300' title='bbox 3611 3259 3960 3324; x_wconf 62' lang='lat' dir='ltr'><strong>Macrianum,</strong></span> 
     </span>
     <span class='ocr_line' id='line_1_29' title="bbox 919 3344 3960 3439; baseline -0.007 -13"><span class='ocrx_word' id='word_1_301' title='bbox 919 3362 1056 3431; x_wconf 75' lang='lat' dir='ltr'><strong>ltoc</strong></span> <span class='ocrx_word' id='word_1_302' title='bbox 1107 3359 1246 3439; x_wconf 84' lang='lat' dir='ltr'><strong>ejus</strong></span> <span class='ocrx_word' id='word_1_303' title='bbox 1283 3370 1638 3417; x_wconf 88' lang='lat' dir='ltr'><strong>numorum</strong></span> <span class='ocrx_word' id='word_1_304' title='bbox 1674 3347 1945 3412; x_wconf 87' lang='lat' dir='ltr'><strong>defectu</strong></span> <span class='ocrx_word' id='word_1_305' title='bbox 1980 3344 2193 3434; x_wconf 82' lang='lat' dir='ltr'><strong>potest</strong></span> <span class='ocrx_word' id='word_1_306' title='bbox 2227 3351 2445 3414; x_wconf 82' lang='lat' dir='ltr'><strong>videri</strong></span> <span class='ocrx_word' id='word_1_307' title='bbox 2535 3356 2800 3424; x_wconf 82' lang='lat' dir='ltr'><strong>patrem</strong></span> <span class='ocrx_word' id='word_1_308' title='bbox 2829 3345 3205 3413; x_wconf 83' lang='lat' dir='ltr'><strong>consta-nter</strong></span> <span class='ocrx_word' id='word_1_309' title='bbox 3229 3352 3615 3421; x_wconf 74' lang='lat' dir='ltr'><strong>Macrinum.</strong></span> <span class='ocrx_word' id='word_1_310' title='bbox 3667 3350 3838 3415; x_wconf 84' lang='lat' dir='ltr'><strong>Numi</strong></span> <span class='ocrx_word' id='word_1_311' title='bbox 3856 3358 3960 3427; x_wconf 81' lang='lat' dir='ltr'><strong>ergo</strong></span> 
     </span>
     <span class='ocr_line' id='line_1_30' title="bbox 917 3434 3959 3533; baseline -0.008 -10"><span class='ocrx_word' id='word_1_312' title='bbox 917 3452 1274 3524; x_wconf 78' lang='lat' dir='ltr'><strong>verisimile</strong></span> <span class='ocrx_word' id='word_1_313' title='bbox 1300 3498 1319 3527; x_wconf 84' lang='lat'>‚</span> <span class='ocrx_word' id='word_1_314' title='bbox 1374 3448 1556 3533; x_wconf 87' lang='lat' dir='ltr'><strong>quod</strong></span> <span class='ocrx_word' id='word_1_315' title='bbox 1589 3444 1794 3508; x_wconf 82' lang='lat' dir='ltr'><strong>refert</strong></span> <span class='ocrx_word' id='word_1_316' title='bbox 1835 3434 2261 3527; x_wconf 76' lang='lat' dir='ltr'><strong>ZonaraS,¹²)</strong></span> <span class='ocrx_word' id='word_1_317' title='bbox 2295 3449 2444 3511; x_wconf 81' lang='lat' dir='ltr'><strong>Ma·</strong></span> <span class='ocrx_word' id='word_1_318' title='bbox 2533 3440 2874 3506; x_wconf 84' lang='lat' dir='ltr'><strong>Macriani</strong></span> <span class='ocrx_word' id='word_1_319' title='bbox 2904 3447 3959 3533; x_wconf 75' lang='lat' dir='ltr'><strong>nomineinscriptisuntsequentes:</strong></span> 
     </span>
     <span class='ocr_line' id='line_1_31' title="bbox 918 3542 3180 3634; baseline -0.01 -16"><span class='ocrx_word' id='word_1_320' title='bbox 918 3557 1221 3618; x_wconf 78' lang='lat' dir='ltr'><strong>orianum</strong></span> <span class='ocrx_word' id='word_1_321' title='bbox 1283 3558 1567 3634; x_wconf 81' lang='lat' dir='ltr'><strong>propter</strong></span> <span class='ocrx_word' id='word_1_322' title='bbox 1626 3542 1886 3605; x_wconf 84' lang='lat' dir='ltr'><strong>adfecti</strong></span> <span class='ocrx_word' id='word_1_323' title='bbox 1938 3543 2133 3629; x_wconf 84' lang='lat' dir='ltr'><strong>pedis</strong></span> <span class='ocrx_word' id='word_1_324' title='bbox 2185 3544 2445 3606; x_wconf 89' lang='lat' dir='ltr'><strong>incom·</strong></span> <span class='ocrx_word' id='word_1_325' title='bbox 2795 3558 2814 3566; x_wconf 72' lang='grc'>’</span> <span class='ocrx_word' id='word_1_326' title='bbox 3167 3602 3180 3615; x_wconf 48' lang='lat'><strong>·</strong></span> 
     </span>
     <span class='ocr_line' id='line_1_32' title="bbox 917 3599 3636 3724; baseline -0.014 -10"><span class='ocrx_word' id='word_1_327' title='bbox 917 3653 1130 3714; x_wconf 83' lang='lat' dir='ltr'><strong>moda</strong></span> <span class='ocrx_word' id='word_1_328' title='bbox 1193 3642 1584 3709; x_wconf 71' lang='lat' dir='ltr'><strong>detrectasse</strong></span> <span class='ocrx_word' id='word_1_329' title='bbox 1657 3659 2077 3724; x_wconf 81' lang='lat' dir='ltr'><strong>purpuram,</strong></span> <span class='ocrx_word' id='word_1_330' title='bbox 2153 3660 2440 3724; x_wconf 85' lang='lat' dir='ltr'><strong>eamque</strong></span> <span class='ocrx_word' id='word_1_331' title='bbox 2851 3710 2854 3715; x_wconf 11' lang='grc' dir='ltr'>ἡ</span> <span class='ocrx_word' id='word_1_332' title='bbox 2965 3599 3342 3666; x_wconf 57' lang='grc' dir='ltr'><em>Μαὸηαηω</em></span> <span class='ocrx_word' id='word_1_333' title='bbox 3391 3603 3636 3693; x_wconf 68' lang='lat' dir='ltr'><strong>Caesar·</strong></span> 
     </span>
     <span class='ocr_line' id='line_1_33' title="bbox 917 3724 3962 3828; baseline -0.006 -19"><span class='ocrx_word' id='word_1_334' title='bbox 917 3748 1183 3828; x_wconf 89' lang='lat' dir='ltr'><strong>utrique</strong></span> <span class='ocrx_word' id='word_1_335' title='bbox 1216 3741 1355 3804; x_wconf 88' lang='lat' dir='ltr'><strong>filio</strong></span> <span class='ocrx_word' id='word_1_336' title='bbox 1384 3740 1723 3823; x_wconf 62' lang='lat' dir='ltr'><strong>&#39;argitutm</strong></span> <span class='ocrx_word' id='word_1_337' title='bbox 1774 3754 1926 3797; x_wconf 89' lang='lat' dir='ltr'><strong>cum</strong></span> <span class='ocrx_word' id='word_1_338' title='bbox 1953 3755 2086 3818; x_wconf 82' lang='lat' dir='ltr'><strong>quo</strong></span> <span class='ocrx_word' id='word_1_339' title='bbox 2118 3734 2456 3809; x_wconf 71' lang='lat' dir='ltr'><strong>fere·con·‚</strong></span> <span class='ocrx_word' id='word_1_340' title='bbox 2825 3724 3378 3803; x_wconf 76' lang='lat' dir='ltr'><strong>MACR‘IANVS.</strong></span> <span class='ocrx_word' id='word_1_341' title='bbox 3453 3742 3754 3808; x_wconf 83' lang='lat' dir='ltr'><strong>NOBIL.</strong></span> <span class='ocrx_word' id='word_1_342' title='bbox 3791 3725 3962 3800; x_wconf 79' lang='lat' dir='ltr'><strong>CAES·</strong></span> 
     </span>
     <span class='ocr_line' id='line_1_34' title="bbox 913 3831 3401 3925; baseline -0.005 -22"><span class='ocrx_word' id='word_1_343' title='bbox 913 3842 1122 3925; x_wconf 80' lang='lat' dir='ltr'><strong>spirat</strong></span> <span class='ocrx_word' id='word_1_344' title='bbox 1168 3836 1530 3919; x_wconf 73' lang='lat' dir='ltr'><strong>Dionysius</strong></span> <span class='ocrx_word' id='word_1_345' title='bbox 1552 3831 2064 3905; x_wconf 65' lang='lat' dir='ltr'><strong>‚Alexandrinus</strong></span> <span class='ocrx_word' id='word_1_346' title='bbox 2090 3835 2279 3917; x_wconf 77' lang='lat' dir='ltr'><strong>‘apud</strong></span> <span class='ocrx_word' id='word_1_347' title='bbox 2307 3835 2468 3905; x_wconf 46' lang='lat' dir='ltr'><strong>En„</strong></span> <span class='ocrx_word' id='word_1_348' title='bbox 2824 3832 3023 3917; x_wconf 80' lang='lat' dir='ltr'><strong>Caput</strong></span> <span class='ocrx_word' id='word_1_349' title='bbox 3055 3836 3401 3901; x_wconf 73' lang='lat' dir='ltr'><strong>radiatum,</strong></span> 
     </span>
     <span class='ocr_line' id='line_1_35' title="bbox 914 3920 3962 4021; baseline -0.008 -21"><span class='ocrx_word' id='word_1_350' title='bbox 914 3937 1190 4001; x_wconf 86' lang='lat' dir='ltr'><strong>sebium.</strong></span> <span class='ocrx_word' id='word_1_351' title='bbox 1232 3940 1289 4009; x_wconf 77' lang='lat' dir='ltr'><strong>e)</strong></span> <span class='ocrx_word' id='word_1_352' title='bbox 1347 3935 1602 3995; x_wconf 86' lang='lat' dir='ltr'><strong>Narrat</strong></span> <span class='ocrx_word' id='word_1_353' title='bbox 1633 3931 1793 4015; x_wconf 86' lang='lat' dir='ltr'><strong>quin</strong></span> <span class='ocrx_word' id='word_1_354' title='bbox 1851 3931 2059 3992; x_wconf 83' lang='lat' dir='ltr'><strong>etiam</strong></span> <span class='ocrx_word' id='word_1_355' title='bbox 2102 3929 2436 3992; x_wconf 79' lang='lat' dir='ltr'><strong>Trebelli-</strong></span> <span class='ocrx_word' id='word_1_356' title='bbox 2531 3923 2819 3989; x_wconf 83' lang='lat' dir='ltr'><strong>FIDES.</strong></span> <span class='ocrx_word' id='word_1_357' title='bbox 2853 3930 3280 3996; x_wconf 82' lang='lat' dir='ltr'><strong>MtLITVM.</strong></span> <span class='ocrx_word' id='word_1_358' title='bbox 3327 3936 3486 4001; x_wconf 68' lang='lat' dir='ltr'><strong>Pria</strong></span> <span class='ocrx_word' id='word_1_359' title='bbox 3507 3938 3689 4021; x_wconf 55' lang='lat' dir='ltr'><strong>fig„</strong></span> <span class='ocrx_word' id='word_1_360' title='bbox 3722 3920 3962 3995; x_wconf 51' lang='lat' dir='ltr'><strong>„fimas-ia.</strong></span> 
     </span>
     <span class='ocr_line' id='line_1_36' title="bbox 913 4021 3705 4114; baseline -0 -17"><span class='ocrx_word' id='word_1_361' title='bbox 913 4054 1030 4108; x_wconf 66' lang='lat' dir='ltr'><strong>ua,</strong></span> <span class='ocrx_word' id='word_1_362' title='bbox 1066 4032 1556 4101; x_wconf 73' lang='lat' dir='ltr'><strong>&#39;Macrianum,</strong></span> <span class='ocrx_word' id='word_1_363' title='bbox 1611 4047 1763 4091; x_wconf 88' lang='lat' dir='ltr'><strong>cum</strong></span> <span class='ocrx_word' id='word_1_364' title='bbox 1799 4027 1889 4090; x_wconf 85' lang='lat' dir='ltr'><strong>ad</strong></span> <span class='ocrx_word' id='word_1_365' title='bbox 1925 4025 2284 4111; x_wconf 85' lang='lat' dir='ltr'><strong>imperium</strong></span> <span class='ocrx_word' id='word_1_366' title='bbox 2323 4047 2436 4109; x_wconf 88' lang='lat' dir='ltr'><strong>pe·</strong></span> <span class='ocrx_word' id='word_1_367' title='bbox 2527 4021 2977 4108; x_wconf 75' lang='lat' dir='ltr'><strong>AR.(Haym.</strong></span> <span class='ocrx_word' id='word_1_368' title='bbox 3005 4029 3089 4090; x_wconf 84' lang='lat' dir='ltr'><strong>T.</strong></span> <span class='ocrx_word' id='word_1_369' title='bbox 3131 4032 3178 4092; x_wconf 89' lang='lat'><strong>1.</strong></span> <span class='ocrx_word' id='word_1_370' title='bbox 3206 4029 3345 4094; x_wconf 88' lang='lat' dir='ltr'><strong>tab.</strong></span> <span class='ocrx_word' id='word_1_371' title='bbox 3385 4052 3496 4114; x_wconf 88' lang='lat'><strong>29.</strong></span> <span class='ocrx_word' id='word_1_372' title='bbox 3522 4053 3583 4097; x_wconf 88' lang='lat' dir='ltr'><strong>n.</strong></span> <span class='ocrx_word' id='word_1_373' title='bbox 3611 4027 3705 4111; x_wconf 87' lang='lat'><strong>7.)</strong></span> 
     </span>
     <span class='ocr_line' id='line_1_37' title="bbox 910 4115 3130 4203; baseline -0.007 -8"><span class='ocrx_word' id='word_1_374' title='bbox 910 4142 1204 4203; x_wconf 83' lang='lat' dir='ltr'><strong>teretur,</strong></span> <span class='ocrx_word' id='word_1_375' title='bbox 1263 4122 1594 4188; x_wconf 74' lang='lat' dir='ltr'><strong>excusasse</strong></span> <span class='ocrx_word' id='word_1_376' title='bbox 1627 4123 2073 4198; x_wconf 87' lang='lat' dir='ltr'><strong>senectutem,</strong></span> <span class='ocrx_word' id='word_1_377' title='bbox 2127 4115 2434 4202; x_wconf 83' lang='lat' dir='ltr'><strong>morbos,</strong></span> <span class='ocrx_word' id='word_1_378' title='bbox 3116 4183 3130 4199; x_wconf 60' lang='lat'>‚</span> 
     </span>
     <span class='ocr_line' id='line_1_38' title="bbox 913 4180 3685 4306; baseline -0.007 -14"><span class='ocrx_word' id='word_1_379' title='bbox 913 4225 1197 4292; x_wconf 87' lang='lat' dir='ltr'><strong>curandi</strong></span> <span class='ocrx_word' id='word_1_380' title='bbox 1266 4219 1574 4306; x_wconf 79' lang='lat' dir='ltr'><strong>corporis</strong></span> <span class='ocrx_word' id='word_1_381' title='bbox 1638 4220 2148 4297; x_wconf 80' lang='lat' dir='ltr'><strong>necessitatem,</strong></span> <span class='ocrx_word' id='word_1_382' title='bbox 2215 4239 2433 4302; x_wconf 83' lang='lat' dir='ltr'><strong>neque</strong></span> <span class='ocrx_word' id='word_1_383' title='bbox 2911 4180 3297 4250; x_wconf 63' lang='lat' dir='ltr'><em>Macr‘anu&#39;</em></span> <span class='ocrx_word' id='word_1_384' title='bbox 3350 4185 3685 4271; x_wconf 60' lang='lat' dir='ltr'><strong>Augustus·</strong></span> 
     </span>
     <span class='ocr_line' id='line_1_39' title="bbox 910 4302 3964 4398; baseline -0.007 -11"><span class='ocrx_word' id='word_1_385' title='bbox 910 4337 1116 4391; x_wconf 85' lang='lat' dir='ltr'><strong>antea</strong></span> <span class='ocrx_word' id='word_1_386' title='bbox 1149 4316 1568 4387; x_wconf 72' lang='lat' dir='ltr'><strong>consensisse,</strong></span> <span class='ocrx_word' id='word_1_387' title='bbox 1624 4335 1828 4398; x_wconf 90' lang='lat' dir='ltr'><strong>quam</strong></span> <span class='ocrx_word' id='word_1_388' title='bbox 1866 4316 1954 4377; x_wconf 88' lang='lat' dir='ltr'><strong>ad</strong></span> <span class='ocrx_word' id='word_1_389' title='bbox 2001 4317 2286 4379; x_wconf 87' lang='lat' dir='ltr'><strong>eundem</strong></span> <span class='ocrx_word' id='word_1_390' title='bbox 2313 4317 2431 4380; x_wconf 88' lang='lat' dir='ltr'><strong>ho·</strong></span> <span class='ocrx_word' id='word_1_391' title='bbox 2823 4317 3012 4385; x_wconf 78' lang='lat' dir='ltr'><strong>IMP.</strong></span> <span class='ocrx_word' id='word_1_392' title='bbox 3094 4317 3169 4383; x_wconf 91' lang='lat' dir='ltr'><strong>C.</strong></span> <span class='ocrx_word' id='word_1_393' title='bbox 3222 4322 3421 4387; x_wconf 85' lang='lat' dir='ltr'><strong>FVL.</strong></span> <span class='ocrx_word' id='word_1_394' title='bbox 3495 4302 3964 4384; x_wconf 73' lang='lat' dir='ltr'><strong>MACRIANVS.</strong></span> 
     </span>
     <span class='ocr_line' id='line_1_40' title="bbox 900 4410 3854 4503; baseline -0.003 -19"><span class='ocrx_word' id='word_1_395' title='bbox 900 4441 1147 4484; x_wconf 72' lang='lat' dir='ltr'><strong>norem</strong></span> <span class='ocrx_word' id='word_1_396' title='bbox 1186 4432 1471 4483; x_wconf 85' lang='lat' dir='ltr'><strong>vocatus</strong></span> <span class='ocrx_word' id='word_1_397' title='bbox 1506 4412 1663 4476; x_wconf 72' lang='lat' dir='ltr'><strong>esset</strong></span> <span class='ocrx_word' id='word_1_398' title='bbox 1690 4424 1966 4493; x_wconf 89' lang='lat' dir='ltr'><strong>uterque</strong></span> <span class='ocrx_word' id='word_1_399' title='bbox 1999 4410 2194 4480; x_wconf 78' lang='lat' dir='ltr'><strong>filius.</strong></span> <span class='ocrx_word' id='word_1_400' title='bbox 2249 4413 2433 4495; x_wconf 86' lang='lat' dir='ltr'><strong>Qua·</strong></span> <span class='ocrx_word' id='word_1_401' title='bbox 2821 4413 2897 4475; x_wconf 90' lang='lat' dir='ltr'><strong>P.</strong></span> <span class='ocrx_word' id='word_1_402' title='bbox 2937 4416 3011 4478; x_wconf 82' lang='lat' dir='ltr'><strong>F.</strong></span> <span class='ocrx_word' id='word_1_403' title='bbox 3050 4416 3258 4483; x_wconf 80' lang='lat' dir='ltr'><strong>AVG.</strong></span> <span class='ocrx_word' id='word_1_404' title='bbox 3315 4420 3511 4503; x_wconf 79' lang='lat' dir='ltr'><strong>Caput</strong></span> <span class='ocrx_word' id='word_1_405' title='bbox 3540 4417 3854 4481; x_wconf 66' lang='lat' dir='ltr'><strong>radiatim.</strong></span> 
     </span>
    </p>
   </div>
   <div class='ocr_carea' id='block_1_5' title="bbox 906 4533 3970 4702">
    <p class='ocr_par' dir='ltr' id='par_1_5' title="bbox 906 4533 3970 4702">
     <span class='ocr_line' id='line_1_41' title="bbox 906 4533 3970 4585; baseline 0 -25"><span class='ocrx_word' id='word_1_406' title='bbox 906 4533 3970 4585; x_wconf 45' lang='grc' dir='ltr'><strong>ΜΝ</strong></span> 
     </span>
     <span class='ocr_line' id='line_1_42' title="bbox 980 4619 3959 4702; baseline -0.002 -20"><span class='ocrx_word' id='word_1_407' title='bbox 980 4635 1053 4702; x_wconf 61' lang='lat' dir='ltr'><strong>a)</strong></span> <span class='ocrx_word' id='word_1_408' title='bbox 1087 4630 1220 4699; x_wconf 73' lang='lat' dir='ltr'><strong>Bag,</strong></span> <span class='ocrx_word' id='word_1_409' title='bbox 1263 4646 1383 4695; x_wconf 72' lang='lat'><strong>271.</strong></span> <span class='ocrx_word' id='word_1_410' title='bbox 1574 4626 1634 4688; x_wconf 74' lang='lat' dir='ltr'><strong>b)</strong></span> <span class='ocrx_word' id='word_1_411' title='bbox 1669 4627 1736 4685; x_wconf 82' lang='lat' dir='ltr'><strong>L.</strong></span> <span class='ocrx_word' id='word_1_412' title='bbox 1777 4625 1910 4678; x_wconf 75' lang='lat' dir='ltr'><strong>xil.</strong></span> <span class='ocrx_word' id='word_1_413' title='bbox 1950 4642 1994 4676; x_wconf 83' lang='lat' dir='ltr'><strong>e.</strong></span> <span class='ocrx_word' id='word_1_414' title='bbox 2036 4637 2121 4688; x_wconf 77' lang='lat'><strong>24.</strong></span> <span class='ocrx_word' id='word_1_415' title='bbox 2245 4642 2249 4648; x_wconf 63' lang='grc'><em>’</em></span> <span class='ocrx_word' id='word_1_416' title='bbox 2316 4625 2362 4690; x_wconf 75' lang='grc' dir='ltr'><strong>ο)</strong></span> <span class='ocrx_word' id='word_1_417' title='bbox 2404 4623 2473 4675; x_wconf 78' lang='grc' dir='ltr'><strong>Η.</strong></span> <span class='ocrx_word' id='word_1_418' title='bbox 2507 4619 2579 4677; x_wconf 69' lang='lat' dir='ltr'><strong>E.</strong></span> <span class='ocrx_word' id='word_1_419' title='bbox 2619 4622 2684 4683; x_wconf 71' lang='lat'><strong>1..</strong></span> <span class='ocrx_word' id='word_1_420' title='bbox 2725 4623 2855 4675; x_wconf 85' lang='lat' dir='ltr'><strong>vn.</strong></span> <span class='ocrx_word' id='word_1_421' title='bbox 2893 4641 2938 4676; x_wconf 82' lang='lat' dir='ltr'><strong>e.</strong></span> <span class='ocrx_word' id='word_1_422' title='bbox 2983 4640 3068 4677; x_wconf 83' lang='grc' dir='ltr'><strong>ιο.</strong></span> <span class='ocrx_word' id='word_1_423' title='bbox 3266 4625 3320 4693; x_wconf 73' lang='lat' dir='ltr'><strong>d)</strong></span> <span class='ocrx_word' id='word_1_424' title='bbox 3357 4624 3571 4679; x_wconf 73' lang='lat' dir='ltr'><strong>Lettere</strong></span> <span class='ocrx_word' id='word_1_425' title='bbox 3610 4622 3785 4677; x_wconf 82' lang='lat' dir='ltr'><strong>T.1v.</strong></span> <span class='ocrx_word' id='word_1_426' title='bbox 3818 4623 3959 4689; x_wconf 71' lang='lat' dir='ltr'><strong>p‚13’2·</strong></span> 
     </span>
    </p>
   </div>
   <div class='ocr_carea' id='block_1_6' title="bbox 4088 542 4100 1575">
    <p class='ocr_par' dir='ltr' id='par_1_6' title="bbox 4088 542 4100 1575">
     <span class='ocr_line' id='line_1_43' title="bbox 4088 542 4100 1575; baseline 0 0"><span class='ocrx_word' id='word_1_427' title='bbox 4088 542 4100 1575; x_wconf 95' lang='lat' dir='ltr'><strong> </strong></span> 
     </span>
    </p>
   </div>
   <div class='ocr_carea' id='block_1_7' title="bbox 4082 1722 4105 4048">
    <p class='ocr_par' dir='ltr' id='par_1_7' title="bbox 4082 1722 4105 4048">
     <span class='ocr_line' id='line_1_44' title="bbox 4082 1722 4105 4048; baseline 0 0"><span class='ocrx_word' id='word_1_428' title='bbox 4082 1722 4105 4048; x_wconf 95' lang='lat' dir='ltr'><strong> </strong></span> 
     </span>
    </p>
   </div>
   <div class='ocr_carea' id='block_1_8' title="bbox 4075 1722 4113 5425">
    <p class='ocr_par' dir='ltr' id='par_1_8' title="bbox 4075 1722 4113 5425">
     <span class='ocr_line' id='line_1_45' title="bbox 4075 1722 4113 5425; baseline 0 0"><span class='ocrx_word' id='word_1_429' title='bbox 4075 1722 4113 5425; x_wconf 95' lang='lat' dir='ltr'><strong> </strong></span> 
     </span>
    </p>
   </div>
  </div>
 </body>
</html>
