4242 5459
1388 559 2195 652 GORD'IANVS
2296 567 2431 651 1112

3326 603 3481 670 309<

991 869 1092 938 Μ.
1192 867 1812 940 ANTONIVS
1905 864 2595 938 GORDIANVS
2684 865 2831 934 III.

443 1001 774 1124 Gordiani
826 1061 1100 1129 senioris
1167 1087 1256 1130 ex
1306 1062 1449 1127 silio
1479 995 1858 1128 Gordiano

330 1157 647 1242 juniore,
700 1171 819 1222 aut
842 1161 1200 1225 secundum
1234 1162 1408 1225 alios
1445 1181 1540 1224 ex
1577 1160 1720 1224 filia
1747 1180 1860 1223 ne·

341 1273 500 1339 pos,
570 1254 676 1316 De
713 1274 939 1338 anno,
992 1278 1129 1341 quo
1174 1273 1369 1322 natus
1402 1255 1532 1335 est,
1584 1277 1717 1321 non
1759 1258 1859 1320 sa-

337 1351 433 1411 tis
477 1347 734 1412 constat
761 1399 781 1426 ‚
834 1353 941 1416 sed
968 1355 1260 1419 natalem
1285 1353 1639 1418 xl11.Ka1.
1659 1354 1856 1417 Febr.

337 1446 667 1507 evincunt
717 1446 1333 1515 bina‘Kalendaria
1382 1451 1559 1535 apud
1599 1452 1862 1514 Buche-

334 1555 514 1604 rum.
551 1540 612 1625 ⁸)
663 1545 970 1628 Vtroque
1021 1546 1372 1612 Gordiano
1430 1551 1512 1611 V.
1573 1546 1652 1613 C.
1717 1568 1847 1630 99¹

325 1634 646 1699 violenta
683 1659 847 1704 nece
880 1643 950 1703 in
997 1643 1234 1707 Africa
1262 1663 1510 1727 magno
1538 1642 1722 1706 urbis
1758 1643 1855 1705 lu·

329 1744 448 1794 ctu
495 1729 857 1813 exstincto,
909 1737 1336 1821 suffectisque
1375 1741 1445 1801 in
1481 1759 1714 1803 eorum
1752 1739 1858 1801 lo-

329 1837 485 1890 cum
526 1848 569 1890 a
614 1830 840 1894 senatu
881 1835 1165 1898 Balbino
1205 1847 1270 1898 et
1302 1836 1645 1920 Pupieno,
1698 1854 1852 1898 cum

179 1953 208 1972 κ
327 1923 625 2009 populus
649 1927 927 2012 Pupieni
975 1929 1400 1994 severitatem
1433 1931 1858 2017 pertimesce-

331 2033 462 2096 ret,
487 2035 550 2085 et
583 2043 701 2108 per
741 2027 1204 2090 incredibilem
1225 2029 1291 2092 in
1317 2025 1705 2090 Gordianos
1729 2028 1856 2088 ad-

327 2117 630 2203 fectum,
684 2122 796 2210 qui
835 2123 904 2184 in
941 2123 1138 2185 causa
1182 2124 1350 2207 reip.
1390 2142 1430 2183 a
1467 2122 1855 2184 Maximino

327 2216 660 2280 atrociter
712 2229 1010 2281 vexatae
1068 2219 1287 2280 vitam
1353 2217 1708 2298 abjecere,
1772 2235 1859 2277 ex

223 2389 234 2396 ⁶
325 2312 576 2376 horum
614 2326 808 2398 gente
850 2314 1224 2397 principem
1267 2312 1499 2375 mallet
1525 2359 1543 2384 ,
1597 2310 1858 2375 obside-

323 2428 406 2472 re
447 2422 672 2495 patres
703 2412 771 2471 in
807 2409 1157 2493 Capitolio
1177 2427 1312 2470 non
1344 2406 1627 2484 destitit,
1693 2405 1859 2468 dum

324 2505 686 2569 arcessitus
712 2507 922 2568 domo
967 2504 1355 2568 Gordianus
1396 2524 1603 2590 puer,
1656 2522 1857 2589 quem

326 2602 454 2665 alii
494 2613 634 2664 tum
692 2604 1046 2679 undecim,
1102 2600 1218 2661 alii
1289 2599 1663 2677 tredecim,
1737 2600 1854 2683 qui

317 2697 736 2785 plurimum,
789 2699 1074 2762 sedecim
1123 2715 1338 2760 annos
1389 2708 1620 2758 natum
1663 2697 1850 2760 dixe-

316 2814 443 2870 re,
493 2793 875 2881 positusque
911 2798 982 2862 in
1022 2794 1393 2872 concione,
1447 2790 1696 2858 Caesar
1728 2813 1849 2879 ap

315 2889 721 2977 pellaretur.

1932 1060 2283 1126 PIETAS.
2311 1057 2583 1125 AVGG.
2633 1062 3471 1155 Instrumentapontfficauaf

1937 1161 2080 1223 AR.
2124 1158 2258 1222 AE.
2287 1156 2337 1219 1.
2390 1157 2593 1241 (Mus.
2638 1156 2867 1239 Caes.)
2939 1229 2943 1234 ,

2034 1254 2177 1317 Soli
2217 1253 2285 1316 hi
2337 1252 2477 1315 sunt
2522 1250 2853 1319 Gordiani
2896 1270 3158 1322 tantum
3208 1259 3449 1324 Caesa·

1935 1351 2026 1412 ris
2070 1350 2298 1432 numi,
2363 1347 2407 1410 fi
2469 1350 2707 1413 demas
2764 1352 3004 1417 nunios
3056 1353 3329 1420 Balbini
3384 1371 3452 1420 et

1932 1446 2219 1530 Pupieni
2242 1464 2394 1508 cum
2429 1455 2600 1530 typo
2632 1447 3123 1529 Liberalitatis,
3150 1443 3448 1517 'cuiGor-

1936 1545 2178 1606 dianus
2216 1561 2357 1605 una
2392 1561 2543 1604 cum
2563 1542 2870 1630 Augustis
2892 1546 3247 1629 praefidet,
3282 1550 3467 1614 itemr

1930 1660 2207 1702 numum
2250 1639 2573 1722 Pupieni,
2643 1642 2712 1702 in
2769 1644 2953 1723 cujus
3009 1644 3248 1714 aversa
3302 1644 3463 1722 sunt,

1929 1737 2159 1819 capita
2182 1735 2455 1798 Balbini
2481 1735 2859 1800 laureatum
2890 1789 2908 1814 ,
2963 1736 3297 1803 Gordiani
3337 1761 3455 1804 ra-

1929 1831 2379 1895 diatum.1n
2413 1833 2645 1897 antica
2695 1836 3043 1898 variorum
3089 1856 3455 1900 numorum

1930 1925 2354 1990 Graecorum
2417 1942 2816 2015 comparent
2872 1932 3081 1994 etiam
3145 1935 3455 2000 omnium

1931 2021 2135 2083 trium
2177 2023 2529 2105 imagines.
2620 2026 2697 2088 In
2739 2024 2842 2086 his
2901 2027 3215 2090 omnibus
3280 2028 3451 2110 Gor·

1934 2117 2181 2179 dianus
2224 2114 2604 2181 constanter
2625 2132 2889 2182 tantum
2935 2121 3158 2207 Caesar
3203 2124 3438 2207 appel·

1932 2211 2135 2273 latur.
2190 2210 2265 2272 In
2301 2231 2509 2273 numo
2553 2215 2865 2277 coloniae
2912 2217 3250 2278 Parianae
3284 2219 3447 2299 My·

1933 2305 2065 2368 fiae
2111 2304 2358 2369 dicitur
2394 2308 2699 2374 NOBIL.
2750 2309 2950 2375 CAE.
3004 2311 3219 2396 (Mus.
3230 2309 3416 2377 Caes
3418 2312 3459 2396 )

2456 2500 2688 2567 Eodem
2729 2521 2936 2568 anm.-

1926 2591 2458 2667 AVGVSTVS
2498 2598 2632 2664 TR.
2678 2602 2756 2674 Ρ
2793 2599 2974 2666 COS.
3007 2597 3095 2668 P.
3127 2599 3225 2667 M.
3256 2598 3336 2668 t.
3367 2599 3451 2728 P.

2019 2785 2316 2856 Balbino
2344 2804 2413 2855 et
2430 2789 2737 2876 Pupieno
2772 2812 2814 2854 a
2846 2791 3298 2877 praetorianis
3317 2794 3448 2856 cir

1925 2883 2094 2947 citer
2138 2902 2423 2954 exeunte
2463 2888 2637 2951 Iulio
2668 2885 2871 2952 caelis
2910 2888 3294 2953 Gordianus
3330 2908 3447 2952 un·

1841 2995 1874 3028 ¹·
1925 2981 2137 3044 animi
2206 2984 2515 3047 consensu
2590 2998 2732 3047 tam
2816 2987 3449 3071 praetorianorum,

659 3091 666 3096 '
697 3079 784 3147 V.
831 3081 897 3149 C.
929 3103 1068 3169 99¹·
1104 3080 1186 3149 P.
1219 3083 1310 3149 X.
1339 3097 1489 3166 238.
1553 3075 1566 3086 ’

506 3178 890 3247 CAESAR.
936 3177 1238 3246 PRINC.
1277 3177 1679 3246 IVVENT.

401 3303 408 3310 ·
482 3274 615 3337 An.
679 3277 837 3356 Pia,
903 3278 1223 3344 Pontiano
1263 3265 1540 3342 Proculo
1586 3272 1703 3362 cos.

423 3463 773 3550 Pupienus
811 3465 898 3529 ad
959 3467 1215 3533 bellum
1253 3466 1572 3533 adversus
1627 3467 1853 3531 Maxi-

317 3562 589 3628 minum
628 3564 803 3639 exit,
855 3563 1183 3630 Balbinus
1215 3577 1283 3629 et
1308 3555 1693 3627 Gordianus
1716 3564 1850 3626 Ro-

320 3678 486 3723 mae
535 3655 850 3724 resistunt.
903 3661 1080 3726 Orta
1118 3663 1386 3748 ingente
1431 3661 1606 3723 inter
1657 3679 1849 3745 prae·

319 3756 638 3819 torianos
696 3775 778 3819 ac
827 3759 1154 3842 populum
1210 3757 1536 3820 seditione
1587 3755 1852 3820 sublato

321 3852 404 3913 in
441 3851 648 3914 altum
703 3851 1060 3918 Gordiano
1110 3873 1365 3966 puero..
1439 3865 1506 3915 et
1548 3853 1852 3935 utrisque

325 3937 659 4011 ostentato
705 3950 1098 4035 mitigantur
1135 3951 1392 4027 animi,
1459 3961 1526 4012 et
1559 3967 1702 4034 pax
1741 3967 1851 4011 co-

325 4041 580 4109 alescit.
633 4046 1054 4110 Maximinus
1090 4067 1238 4110 cum
1263 4045 1407 4109 filio
1441 4045 1755 4108 Maximo
1782 4066 1850 4108 a·

314 4138 476 4224 pud
503 4138 894 4228 Aquileiam
951 4145 1392 4228 interemptus
1450 4143 1650 4221 novis
1719 4147 1850 4205 Au·

315 4232 527 4321 gustis
563 4238 923 4320 imperium
960 4238 1205 4303 firmat.

620 4334 724 4396 M.
767 4336 977 4400 ANT.
1017 4334 1562 4426 GORDIANVS.
1596 4332 1849 4405 CAES.

619 4429 821 4514 Caput
856 4431 1108 4500 nudum.

1927 3096 2135 3159 quam
2185 3080 2450 3145 senatus
2502 3080 2826 3166 Augustus
2868 3084 3320 3147 renunciatur.

2023 3174 2133 3237 Ex
2175 3171 2397 3240 numis
2427 3225 2446 3256 ,
2520 3197 2805 3259 quorum
2851 3199 2973 3260 per
3033 3179 3451 3242 mentionem

1926 3267 2083 3334 trib.
2126 3270 2472 3352 potestatis
2505 3317 2524 3349 ,
2579 3284 2643 3333 et
2684 3273 3081 3338 consulatus.
3123 3285 3308 3335 certa
3361 3270 3452 3344 est

1928 3375 2164 3444 aetas,
2232 3375 2562 3448 apparet,
2631 3386 2675 3427 a
2750 3364 3103 3429 Gordiano
3172 3367 3454 3428 nomina.

1925 3459 2224 3542 primurn
2262 3462 2370 3524 Pii
2393 3506 2412 3536 ,
2467 3461 2710 3523 deinde
2746 3460 2968 3524 Felicis
3001 3460 3066 3521 in
3098 3456 3450 3521 tribunatu

1924 3552 2017 3619 11.
2055 3553 2183 3619 elle
2229 3557 2612 3640 adoptata,
2687 3573 2861 3637 quae
2896 3552 3094 3616 semel
3152 3550 3452 3636 suscepta

1924 3648 1993 3712 in
2039 3652 2263 3715 numis
2297 3649 2533 3715 omissa
2576 3669 2920 3734 nunquam
2965 3646 3194 3727 fuere,
3249 3645 3291 3709 fi
3339 3646 3451 3712 Li·

1926 3745 2307 3811 beralitatis
2384 3766 2629 3810 numos
2688 3747 2976 3823 demas,
3062 3746 3148 3809 de
3204 3744 3449 3829 quibus
3504 3749 3511 3752 ’

1923 3840 2106 3908 infra
2126 3844 2488 3931 separatim
2508 3855 2762 3928 agetur.
2814 3841 3047 3924 Quare
3082 3843 3267 3906 numi
3304 3861 3450 3906 om.

1924 3958 2083 4019 nes,
2137 3941 2398 4024 quibis
2447 3940 2660 4004 titulis
2702 3952 2975 4016 carent,
3054 3940 3144 4002 ad
3199 3957 3452 4002 annum

1924 4038 2385 4122 praesentem,
2466 4049 2534 4101 et
2602 4047 2869 4126 partem
2913 4034 3246 4121 sequentis
3304 4038 3453 4117 jure

1923 4137 2279 4218 pertinent.

1922 4224 2024 4302 A.
2214 4227 2666 4296 IMRCAES.
2696 4230 2796 4293 M.
2820 4228 3031 4292 ANT.
3065 4225 3451 4291 GORDIA-

2215 4328 2411 4393 NVS.
2454 4325 2667 4392 AVG.
2723 4327 2926 4412 Caput
2953 4324 3298 4392 laureatum
3325 4368 3345 4403 ,
3380 4325 3450 4390 in

2214 4421 2383 4492 AV.
2436 4429 2585 4491 ΑΕ.
2622 4425 2682 4491 Ι.
2717 4424 2804 4489 II.

347 4547 442 4587 ‚2-
1583 4559 1588 4564 .
2258 4555 2261 4560 .
3002 4555 3455 4585 ,,,,,....,.....

392 4638 451 4705 a)
488 4636 684 4698 Ποσει.
717 4640 890 4714 temp.
926 4656 987 4713 p.
1023 4640 1147 4708 ¹7⁶·
1211 4653 1218 4664 ⁴
