4242 5459
1460 570 1612 647 CO
1638 571 1842 647 M‘M
1866 576 2143 655 ODV
2169 580 2260 662 S:

164 763 180 774 “
295 749 564 832 «cridae¹
607 773 738 836 ritu
809 769 1005 856 plura
1074 772 1429 837 docuimus
1476 776 1631 840 Vol.
1693 777 1809 839 IV.
1854 767 1871 800 ⁸

293 881 450 945 pag.
488 879 672 952 489.-
708 869 1069 932 Praeclare
1103 890 1254 932 cum
1286 872 1419 934 hoc
1446 883 1617 956 typo
1656 893 1811 936 con-

295 961 485 1025 sentit
529 965 938 1050 epigraphe,
990 987 1165 1050 quae
1202 967 1466 1054 insuper
1508 969 1814 1033 vocabu-

296 1055 432 1119 lum
490 1062 878 1125 COLoniae
919 1060 1236 1129 adstituit.

230 1229 233 1232 ,
394 1161 588 1222 Tota
631 1158 1001 1242 epigraphe
1044 1158 1125 1221 sic
1169 1158 1427 1248 absque
1466 1159 1675 1225 dubio
1727 1161 1815 1224 est

298 1256 671 1337 explenda:
710 1243 1053 1319 'COLonia
1102 1255 1305 1321 Lucia
1353 1256 1837 1324 ANtoniniana'

298 1348 832 1432 COMmodiana,
912 1354 1261 1434 quomodo
1328 1364 1399 1415 et
1459 1354 1816 1439 Diospolis

297 1448 746 1510 Samaritidos
771 1494 789 1523 ,
845 1458 909 1507 et
940 1447 1483 1531 Eleutheropolis
1523 1451 1819 1519 Iudaeae

298 1541 424 1606 sese
475 1544 540 1604 in
612 1547 832 1605 numis
886 1543 1121 1605 dixere
1186 1544 1416 1608 Lucius
1482 1545 1819 1631 Septimius

300 1641 697 1707 Severianus.
753 1641 1020 1701 Tamen
1069 1637 1236 1701 istud
1288 1643 1572 1720 mirum,
1645 1647 1815 1709 indi.

306 1750 446 1799 tum
488 1735 669 1797 fuiss'e
712 1736 861 1796 urbi
892 1735 1133 1799 ‘Lucina
1175 1756 1613 1820 praenomen,
1681 1751 1815 1825 quo

312 1846 604 1917 tempore
642 1830 1063 1894 Commodus
1100 1833 1240 1917 ipse
1274 1834 1497 1898 Marci
1533 1858 1814 1920 praeno-

316 1929 485 2010 mine
523 1925 896 1990 constanter
943 1926 1033 1989 est
1071 1928 1254 2008 usus,
1302 1929 1416 1991 nisi
1453 1930 1632 1995 forte
1674 1939 1814 2017 jam

325 2043 480 2086 nunc
508 2036 736 2101 vetus,
810 2043 893 2087 ac
934 2026 1196 2108 pridem
1252 2024 1583 2090 abolitum
1640 2032 1817 2095 Lucii

330 2139 718 2203 praenomen
751 2122 974 2183 denuo
1009 2121 1325 2205 respexit,
1360 2125 1542 2204 quod
1578 2146 1816 2189 revera

332 2217 615 2297 proximo
679 2214 951 2304 biennio
1000 2230 1346 2301 receptum
1408 2221 1813 2284 videbimus..

333 2313 423 2372 Ad
471 2314 597 2374 hoc
669 2307 1136 2397 argumentum
1202 2315 1405 2376 etiam
1480 2317 1821 2399 pertinent:

334 2411 491 2469 numi
521 2408 811 2493 inscripti
841 2430 856 2470 z
912 2407 1448 2475 mitta-Rom.
1484 2408 1764 2475 COND.
1792 2462 1812 2492 ,

335 2520 479 2583 quos
513 2504 599 2568 ad
632 2524 880 2567 annum
914 2506 997 2566 V.
1036 2503 1117 2629 f.
1173 2517 1332 2590 945.
1375 2507 1810 2588 intuebimur.
1895 2510 2162 2576 reatini.
2203 2499 2269 2594 b)

1219 2650 1255 2682 ὑ

597 2698 690 2764 Vt
729 2702 821 2763 ut.
856 2655 952 2764 b.

332 2790 498 2857 COS.
536 2795 654 2863 vl.
721 2797 1086 2882 Imperator
1117 2793 1464 2881 paludatus
1512 2799 1682 2878 stans
1745 2801 1810 2868 d.
1894 2797 2168 2862 FIDEI·

320 2882 708 2970 parca-onium
734 2941 753 2968 ,
786 2892 843 2979 s.
876 2892 1141 2979 hastam,
1174 2893 1380 2976 juxta
1409 2895 1817 2976 procumbens
1896 2896 2010 2956 VI.
2050 2897 2322 2962 ⁴Mulier
2344 2900 2529 2984 stans
2582 2900 2642 2969 d.

330 2985 531 3048 mulier
585 2990 780 3072 capite
830 2987 1131 3073 elephanti
1177 2987 1532 3074 proboscide
1584 3003 1811 3060 ornato
1892 2992 2035 3054 AR.
2090 2994 2294 3077 (Mus.
2333 2994 2557 3078 Caes.)

336 3080 397 3145 d.
428 3082 622 3146 leonem
660 3088 1001 3168 contingit,
1031 3087 1090 3171 s.
1130 3084 1333 3170 spic-ar
1384 3085 1543 3151 tenet
1564 3136 1584 3165 ,
1633 3100 1807 3155 retro

3296 613 3464 675 123‘

2651 787 2690 820 ἢ,
2709 797 2717 806 .

2197 879 2288 945 Vt
2319 877 2415 946 lit.
2457 883 2546 946 A.

1907 969 2099 1036 COS.
2127 975 2243 1041 VI.
2275 977 2352 1041 P.
2387 979 2462 1040 P.
2551 978 2679 1045 Vir
2712 981 2917 1049 nudus
2948 989 3324 1080 quadrigas*-
3348 1019 3450 1063 a·-

1899 1089 2059 1153 gens
2084 1069 2278 1157 super
2323 1072 2528 1138 nubes«
2525 1078 2754 1163 figura
2781 1080 2985 1166 facem
3007 1092 3444 1174 praefer-enm*

1904 1166 1991 1229 ad
2020 1188 2199 1230 oram
2241 1173 2411 1233 numi
2431 1172 2819 1256 superiorem
2849 1186 3074 1263 portio
3120 1187 3367 1252 zodiaci
3401 1238 3422 1268 ,

1905 1257 2105 1348 infra'
2131 1264 2349 1330 mulier
2363 1301 2367 1306 ·
2369 1267 2693 1352 seminuda
2737 1272 3094 1342 decumbens
3118 1327 3136 1357 ,
3189 1283 3248 1366 JI
3288 1303 3431 1348 cort

1905 1363 2220 1444 nucopiae.
2273 1364 2410 1426 ΛΕ.
2446 1383 2629 1429 max.
2673 1371 2855 1432 mod.
2911 1374 3126 1456 (Mus.-
3147 1376 3334 1445 Caes.
3353 1392 3426 1444 et

1905 1458 2084 1540 regis
2115 1453 2434 1540 Galliar.)

2002 1553 2095 1612 Vt
2130 1554 2408 1617 dubium
2451 1557 2737 1637 nowefl,
2791 1565 3010 1626 virum
3046 1567 3116 1629 in
3138 1550 3439 1653 ·quadri·'

1906 1649 2008 1730 gis
2044 1647 2173 1709 esse
2210 1649 2436 1712 Solem
2466 1699 2485 1729 ,
2540 1666 2608 1715 et
2642 1657 2992 1721 mulierem
3044 1661 3230 1749 immi
3268 1688 3440 1751 pro--

1907 1740 2178 1805 stratam
2241 1746 2588 1810 Tellurem
2659 1773 2702 1815 a
2754 1754 2910 1817 Sole
2979 1757 3086 1820 seu
3156 1759 3373 1824 fotam
3399 1791 3424 1841 ,-
3461 1813 3466 1826 .

1904 1838 2009 1901 seu
2050 1840 2544 1926 illuminatam,
2595 1846 2694 1910 ita
2724 1851 2997 1935 adsequi
3021 1860 3421 1941 non³vale⁴o,

1905 1936 2065 2017 quid
2104 1936 2409 2002 themate
2453 1938 2573 2004 isto
2610 1945 3020 2012 adumbrare
3081 1953 3422 2021 voluerint

1903 2035 2286 2100 monetarii.
2378 2035 2453 2099 In
2502 2058 2710 2102 numo
2755 2045 3101 2111 maximae
3151 2047 3423 2116 formae

1905 2126 2106 2188 musei
2156 2130 2453 2193 Medieei
2500 2131 2731 2198 similis
2765 2136 2852 2200 est
2884 2150 3128 2225 typus,
3192 2145 3300 2209 sed
3348 2150 3440 2217 in·

1903 2223 2133 2284 amica
2162 2221 2250 2285 est
2284 2239 2492 2309 caput
2536 2229 2885 2311 Antonini,
2939 2248 3006 2297 et
3042 2237 3265 2303 similis
3303 2262 3419 2305 oc-

1902 2319 2108 2377 currit
2156 2319 2224 2379 in
2264 2339 2470 2384 numo
2506 2323 2970 2392 Nicaeensium
3003 2347 3154 2394 cum
3192 2338 3416 2420 capite

1899 2411 1996 2475 M.
2033 2415 2334 2493 Aurelii,
2387 2413 2458 2499 ⁸)·
2504 2430 2571 2482 et
2595 2420 2669 2484 in
2712 2443 2982 2510 gemma
3029 2428 3235 2495 musei
3259 2431 3433 2496 Flo·-

2631 2610 2698 2644 *-

2811 2665 2884 2699 ἡ.

2197 2703 2290 2769 Vt
2323 2704 2414 2772 ut.
2453 2662 2544 2776 Ἄ.

2211 2799 2420 2865 con.
2456 2805 2536 2873 P.
2571 2805 2669 2869 M.
2717 2808 2862 2873 TR.
2910 2811 2987 2876 Ρ.
3025 2814 3172 2879 xv.
3220 2815 3415 2888 cos,

2685 2903 2939 2992 spicas,
2986 2913 3047 2999 s
3099 2915 3433 3024 vez‘czcillum.⁸

2190 3091 2261 3155 V
2256 3101 2283 3153 t
2320 3093 2410 3156 lit.
2459 3095 2551 3158 A.

228 3239 239 3258 ,
344 3176 604 3244 Victoria
641 3184 927 3268 statuens
995 3193 1335 3266 tropaeum.
1406 3185 1545 3248 AE.
1621 3207 1807 3260 max.
1885 3183 2154 3247 FIDEI.
2198 3185 2783 3262 COHORTIVM.
2824 3197 3032 3298 AVG.
3101 3202 3278 3268 Idem
3316 3216 3411 3289 ty.

328 3273 497 3336 mod.
540 3279 731 3361 (Mus.
770 3275 1077 3359 Albani)
1182 3307 1189 3313 ·

415 3370 694 3436 Similem
737 3374 1040 3436 aversam
1081 3376 1286 3437 video
1328 3376 1534 3438 etiam
1575 3379 1644 3439 in
1693 3397 1806 3440 nu-

1878 3301 2023 3364 pus.
2075 3283 2217 3343 AR.
2270 3283 2467 3356 (Mus.
2504 3283 2726 3369 Caes.)

1934 3400 1945 3407 ·
1985 3376 2192 3437 Numi
2233 3376 2507 3442 alterius
2554 3384 3054 3470 inscriptionem
3105 3395 3430 3460 nondum·

329 3484 433 3528 mo
463 3471 767 3532 Antonini
808 3470 909 3530 Pii
946 3470 1149 3533 musei
1181 3471 1447 3546 Pisani,
1522 3493 1606 3533 ex
1670 3493 1804 3555 quo
1890 3472 1959 3534 in
2001 3484 2277 3534 moneta
2305 3485 2534 3537 vetere
2558 3481 2941 3562 conspicere
2972 3485 3181 3549 licuit.
3231 3489 3408 3554 Eum

332 3563 570 3626 videtur
625 3564 1045 3630 Commodus
1114 3579 1358 3650 typum
1438 3579 1808 3633 mutuatuS.
1893 3568 2079 3629 haud
2145 3570 2244 3632 ita

332 3654 613 3723 Diximus
641 3663 708 3724 in
742 3682 946 3724 numo
986 3664 1346 3737 Antonini,
1402 3662 1534 3724 hac
1573 3664 1807 3748 imagi·
1897 3661 2156 3744 quifivi.

331 3771 403 3815 ne
438 3758 709 3821 indicari
747 3758 969 3820 victos
1028 3758 1114 3819 ab
1156 3777 1238 3820 eo
1294 3759 1576 3819 Mauros
1601 3795 1627 3836 ,·
1700 3760 1809 3821 sed

332 3862 390 3912 et
426 3853 589 3915 idem
634 3851 1022 3939 praestitum
1080 3875 1121 3916 a
1163 3852 1551 3916 Commodo
1604 3852 1812 3918 refert

2295 3569 2562 3654 pridem
2623 3574 2870 3639 museo·
2915 3575 3246 3648 Caesareo
3280 3599 3406 3647 ac-

2630 3762 2682 3796 f

2194 3855 2287 3923 Vc
2321 3855 2415 3925 tit.
2457 3811 2531 3925 ’0.

332 3943 755 4033 Lampridius.
840 3951 992 4011 Hoc
1030 3935 1194 4011 vero
1241 3951 1538 4013 mulieris
1590 3952 1808 4013 seden·
1894 3950 2311 4015 LIBERAL.
2356 3955 2774 4024 AvG.-v11.-
2820 3962 2895 4027 P.
2957 3966 3058 4032 M.
3113 3969 3261 4036 TR.
3328 3973 3406 4041 P.
3480 4045 3486 4050 ,

336 4042 407 4105 tis
448 4059 602 4128 typo
646 4047 870 4108 notari
921 4044 1270 4121 Africam,
1323 4058 1577 4109 certum
1609 4044 1696 4109 est
1725 4068 1809 4111 ex
1893 4049 2036 4109 XV.
2082 4049 2265 4114 IMP.
2317 4053 2501 4132 vm.
2560 4053 2750 4128 COS,
2802 4060 2915 4122 VI.
2967 4061 3031 4125 S.
3072 4063 3146 4130 C.
3227 4069 3404 4136 Libe-

331 4155 505 4203 nnmo
540 4135 792 4204 ‘Severi
847 4143 1002 4204 anni
1048 4145 1107 4204 V
1173 4141 1248 4205 C.
1306 4155 1439 4227 947
1475 4190 1493 4220 ,
1544 4147 1613 4206 in
1668 4161 1810 4227 quo
1890 4144 2120 4207 ratitos
2139 4148 2355 4232 flans,
2409 4151 2562 4213 vel:
2615 4147 2975 4236 Imperator
3004 4162 3071 4224 in
3109 4165 3409 4257 suggestu

322 4231 490 4299 fimili
551 4236 807 4324 figurae
884 4237 1295 4322 adscriptum
1358 4239 1639 4321 legitur:
1717 4246 1810 4305 A·
1889 4261 2060 4304 more
2073 4242 2288 4327 solito.
2341 4245 2480 4309 ΑΕ.
2521 4246 2572 4310 1.
2618 4247 2830 4373 ⁸{Mun
2873 4251 3102 4338 Caes.)
3195 4343 3201 4348 Ι
3426 4259 3434 4264 ’

310 4330 583 4400 FfflcA.

2795 4400 2827 4434 t

292 4480 3434 4521 mmm—mn..

369 4543 638 4619 alna-m.
674 4563 826 4603 max.
864 4545 1017 4602 mod.
1054 4545 1353 4618 reg.JGan.

1533 4546 1596 4614 b)
1637 4548 1805 4608 Tem.
1841 4550 1917 4608 Π.
1953 4547 2066 4602 tab·
2105 4557 2194 4619 87·
2293 4545 2304 4552 ’

2860 4635 3066 4719 Qa-
