4242 5459
967 550 970 555 ·
1096 532 1191 610 L.
1292 521 2004 612 SEPTIMVS
2107 504 2759 609 SEVERVS.
3218 468 3223 481 ’
3330 548 3452 614 2³1

332 723 432 809 Α.
632 736 1043 828 SEVERVS.
1084 734 1307 803 P1v8.
1358 731 1573 799 Avo.
1653 734 1855 821 capue

631 835 972 899 Iam-earum
1006 836 1072 898 in
1098 831 1261 897 AV.
1301 831 1450 897 AR.
1490 830 1641 896 ΑΕ.

329 922 424 997 Β.
627 930 931 993 SEVER.
963 931 1037 991 Ρ.
1080 925 1280 991 AVG.
1328 927 1405 991 P.
1445 926 1545 989 M.
1589 927 1740 990 TR.
1773 926 1850 988 P.

602 1026 685 1089 X.
720 1024 910 1087 COS.
948 1024 1068 1087 ΙΙΙ.
1156 1022 1363 1106 Caput
1409 1023 1760 1087 laureatum
1787 1025 1855 1087 in

629 1119 789 1186 AV.
831 1119 979 1185 AR.
1701 1186 1734 1205 .

337 1205 430 1281 C.
631 1213 1053 1278 SEVERVS.
1091 1208 1311 1277 Ptvs,
1372 1207 1579 1277 AVG.
1632 1210 1710 1276 Ρ.
1754 1213 1854 1279 Μ.

632 1312 781 1375 TR.
808 1304 981 1401 ij.
1020 1310 1223 1438 Caput
1246 1307 1601 1372 laureatum
1617 1310 1688 1373 ‘in
1707 1308 1857 1378 AR.

637 1500 730 1569 Vt
762 1503 854 1567 lit.
906 1503 996 1566 Β.
1144 1541 1149 1545 -

329 1598 743 1665 ADVENT.
788 1596 1063 1661 AVGG.
1136 1595 1445 1673 Severus,
1499 1595 1855 1677 Caracalla,

337 1699 502 1761 Geta
531 1696 604 1758 in
638 1697 807 1780 equis
824 1742 843 1773 ,
894 1693 1172 1759 dexteris
1180 1692 1425 1780 sursum
1471 1690 1668 1760 etam.
1710 1694 1856 1756 AV.

330 1789 542 1875 (Mus.
583 1787 805 1867 Caes.)

638 1885 730 1951 Vt
760 1885 858 1950 m.
897 1885 987 1951 A.

331 1978 741 2044 ADVENT.
774 1979 1042 2046 AVGG.
1107 1979 1381 2046 Severus
1418 1999 1632 2065 eques,
1684 1979 1750 2046 d.
1787 1999 1853 2044 e-

327 2076 508 2151 lata,
547 2076 611 2162 s.
644 2074 910 2162 hissam,
952 2077 1172 2167 figura
1207 2077 1472 2140 militari
1497 2094 1711 2161 equum
1741 2076 1856 2140 du·

326 2180 515 2236 cente.
569 2173 720 2237 AR.
774 2172 978 2253 (Mur.
1010 2169 1238 2248 Caes.)

628 2266 1247 2332 CONCORDIAE.
1341 2262 1848 2329 AETERNAE.

623 2363 850 2447 Capita
886 2365 1173 2448 jugata,
1232 2361 1451 2425 Seven·
1483 2357 1848 2438 radiatum,

619 2459 904 2524 Damnat
911 2459 1269 2549 impositum
1306 2456 1507 2521 lunae.

322 2550 682 2620 ANTON.
713 2555 788 2617 Ρ.
810 2540 1019 2617 AVG.
1037 2553 1244 2618 PON.
1277 2554 1426 2615 ΤΒ.
1444 2553 1519 2614 Ρ.
1545 2553 1626 2615 V.
1654 2549 1847 2615 COS.

325 2650 533 2737 Caput
585 2650 936 2715 CaracaUae
1000 2650 1380 2712 laureatum.
1448 2650 1593 2714 AV.
1646 2646 1850 2729 (Mus.

324 2743 560 2827 Caes.)
623 2743 703 2807 In
747 2747 930 2809 alio:
1015 2743 1571 2807 ANTONINVS.
1623 2742 1847 2806 PIVS.

325 2837 541 2907 AVG.
596 2840 798 2926 Caput
831 2842 1011 2907 idem.
1064 2840 1210 2905 AR.
1259 2837 1460 2917 (Mus.
1484 2838 1680 2902 Com.
1704 2839 1847 2902 vit-

323 2935 502 3016 zai.)

333 3115 340 3121 .
434 3030 890 3095 Concordiam
933 3022 1306 3106 aeternam,
1361 3051 1564 3114 quam
1600 3031 1844 3094 eodem

323 3130 474 3192 hoc
506 3139 807 3212 tempore
850 3128 1052 3190 causa
1087 3124 1844 3191 matrimoniiCaracal-

323 3224 452 3300 la,
508 3234 570 3285 et
611 3223 932 3293 Plautina
988 3234 1366 3298 voverunt,
1440 3218 1729 3286 Severus
1778 3234 1845 3286 et

312 3320 607 3387 Dumna
656 3319 1000 3404 propotita
1040 3317 1171 3381 hac
1198 3318 1441 3401 capitis
1477 3317 1845 3402 inscriptio·

313 3433 413 3480 ne
449 3433 787 3478 renovare
825 3416 1155 3478 videntur.
1205 3415 1348 3477 Iam
1393 3421 1602 3493 vero,
1653 3426 1727 3476 ut
1777 3433 1844 3475 e·

307 3510 662 3599 pigraphe
702 3511 1010 3592 amicae,
1059 3512 1159 3573 ita
1205 3522 1272 3572 et
1306 3506 1604 3593 capitum
1649 3508 1720 3570 in
1760 3522 1844 3570 ea

312 3606 545 3672 cultus
609 3606 936 3668 hactenus
1015 3605 1382 3668 inufitatuS.
1470 3605 1839 3666 Radiatum

299 3703 652 3791 ‘principis
697 3702 834 3765 vivi
870 3713 1077 3785 caput
1113 3705 1251 3780 jam
1294 3700 1450 3761 inde
1492 3721 1535 3762 a
1571 3699 1840 3762 Nerone

305 3799 659 3876 obvium,
711 3809 784 3860 at
828 3817 1168 3880 nunquam
1222 3796 1444 3859 adhuc
1486 3797 1554 3858 in
1620 3797 1838 3858 numis

305 3895 596 3968 aureis,
687 3905 755 3954 et
795 3895 1151 3977 argenteis.
1225 3892 1461 3974 Neque
1500 3889 1838 3975 Augustae

297 3982 529 4075 caput
584 3987 1014 4098 impolitum·
1034 3989 1284 4066 lunae,
1356 3989 1540 4067 quod
1606 3989 1835 4048 tritum

1939 726 2263 820 quoniam
2302 732 2474 796 haec
2506 732 2681 797 astra
2716 745 2995 797 aeterna
3043 720 3327 811 eredita,
3388 746 3457 797 et

1939 830 2309 893 aeternitas
2360 828 2512 913 ipfis
2556 830 2758 892 etiam
2822 825 3127 915 Augustis
3174 841 3295 892 aut
3335 829 3454 891 ad-

1935 922 2135 1009 ficta,
2189 936 2306 987 aut
2333 937 2523 987 vota.
2582 925 2691 987 Sic
2729 925 2797 986 in
2832 923 3187 1009 praeclara
3231 924 3454 987 inscri-

1938 1020 2168 1105 ptione
2200 1018 2469 1082 Gruteri
2490 1065 2515 1095 ,
2539 1019 2602 1098 δ’)
2657 1041 2831 1104 quae
2867 1020 3256 1103 cumprimis
3283 1019 3451 1082 haec.

1937 1114 2160 1178 nostra
2189 1114 2489 1197 illustrat
2542 1116 2812 1197 legitur·
2864 1115 3454 1180 SOL1.AETER-

1935 1210 2089 1274 No.
2129 1212 2456 1274 LVNAE.
2520 1212 2725 1277 PRO.
2775 1212 3453 1276 AETERNITATE.

1937 1306 2306 1373 IMPERII.
2344 1307 2489 1372 ET.
2539 1307 2912 1371 SALVTE.
2953 1309 3142 1372 ΙΜΡ.
3198 1306 3378 1371 CA·

1936 1401 2368 1468 SEPTIMH.
2428 1402 2771 1467 SEVERI.
2833 1416 2960 1468 etc.
3019 1404 3087 1467 in
3147 1402 3325 1467 alia:
3358 1392 3451 1483 Ἥ)

1935 1497 2261 1565 LVNAE.
2294 1499 2621 1564 AETER.
2656 1497 2910 1562 SACR.
2947 1499 3150 1562 P-RO.
3191 1492 3451 1564 SALV·

1936 1593 2079 1662 TE.
2124 1595 2317 1661 IMP.
2373 1594 2619 1659 CAES.
2679 1594 2757 1659 L.
2798 1592 3209 1661 SEPTIMI.
3257 1594 3447 1659 SEV.

1938 1702 2066 1754 etc.
2156 1691 2261 1755 Ex
2318 1690 2425 1755 his
2454 1690 2911 1754 marmoribus
2958 1689 3310 1768 videmus,
3379 1705 3449 1754 et

1932 1784 2080 1850 Soli
2107 1786 2478 1870 Lunaeque
2524 1786 2729 1850 tribui
2784 1785 3302 1864 aeternitatem,
3380 1800 3449 1852 et

1933 1881 2243 1968 Augustis
2269 1884 2530 1949 voveri.
2580 1880 2883 1946 Dubium
2920 1900 3055 1945 non
3094 1879 3217 1963 est,
3268 1882 3447 1949 hanc

1930 1965 2283 2042 Romanos
2320 1979 2684 2063 imaginem
2729 1996 2772 2040 a
2807 1976 3149 2041 veteribus
3173 1982 3449 2065 Aegyp

1928 2075 2041 2137 tiis
2093 2073 2291 2137 fuiss‘e·
2328 2086 2697 2137 mutuatos.
2751 2069 2946 2135 Teste
2993 2073 3185 2136 Horo
3234 2078 3461 2161 Apol:

1926 2167 2061 2232 line
2098 2166 2462 2251 conjuncta
2506 2168 2683 2233 Solis
2736 2179 2804 2231 et
2857 2168 3092 2230 Lunae
3137 2166 3311 2233 astra
3370 2172 3447 2235 ia

1924 2262 2250 2349 glyphica
2284 2265 2775 2350 Aegyptiorum
2815 2262 3041 2346 lingua
3084 2262 3467 2328 constitue?

1921 2371 2076 2422 runt
2116 2361 2566 2434 elementum,
2619 2358 2801 2440 quod
2837 2349 3070 2435 ἀιωνα,
3103 2358 3450 2442 saeculum«

1921 2473 2183 2533 aevum,
2235 2458 2663 2521 aeternitatem
2717 2454 2994 2517 indicat.
3066 2457 3440 2539 Argumen-

1923 2562 2066 2613 tum
2101 2549 2266 2615 istud
2306 2548 2668 2614 illustratur
2698 2551 2905 2611 etiam
2945 2568 3148 2612 numo
3199 2550 3444 2632 Traja-

1926 2647 2040 2723 ni,
2093 2668 2295 2731 quem
2332 2645 2631 2732 descripti
2679 2647 2745 2708 in
2791 2648 2929 2727 ejus
2974 2646 3192 2711 numis
3244 2648 3441 2732 vagis

1923 2742 2483 2818 consulatus.V.‚
2534 2743 2602 2806 in
2643 2751 2832 2823 cujus
2879 2741 3155 2805 aversa.
3229 2742 3437 2807 AET.

1922 2836 2133 2906 AVG.
2185 2838 2423 2904 Mulier
2443 2839 2616 2920 stans
2652 2839 2721 2905 d.
2754 2846 2941 2922 caput
2973 2837 3182 2917 Solis,
3216 2840 3276 2923 s.
3308 2840 3432 2904 Lu·

1916 2953 2076 3012 nere,
2128 2937 2442 2999 nimirum
2472 2934 2758 3018 Traiani
2784 2934 3182 2997 aeternitate
3221 2946 3435 2998 aeter·
3536 2952 3543 2957 ’

1922 3033 2040 3094 nis.
2082 3030 2261 3094 Solis
2307 3044 2375 3094 et
2442 3030 2678 3093 Lunae
2740 3028 2927 3094 astris
2994 3030 3430 3095 adumbrata.

1922 3125 2151 3207 Quare
2190 3127 2769 3210 quemadmodum
2812 3125 2985 3189 haec
3027 3124 3243 3189 fidera
3291 3127 3441 3190 sunt

1923 3234 2200 3285 aeterna
2220 3269 2239 3298 ,
2290 3223 2387 3284 ita
2406 3242 2639 3284 eorum
2662 3220 2843 3284 cultu
2866 3221 3120 3283 Severo
3139 3234 3206 3284 et
3228 3221 3435 3284 Dom-
3512 3286 3519 3293 ,

1919 3336 2048 3381 nae
2074 3317 2514 3379 commodato
2544 3317 2889 3399 utriusque
2930 3314 3443 3385 CONCORDIff

1918 3413 2060 3474 AM
2119 3410 2632 3473 AETERNAM
2690 3409 2990 3472 futuram
3025 3427 3031 3435 ·
3066 3422 3436 3493 auguratur

1917 3519 2115 3570 vates
2150 3507 2584 3570 monetarius.
2662 3504 3010 3566 Hactenus
3064 3504 3433 3565 aeternitas

1918 3603 1987 3664 in
2041 3592 2351 3688 Augustis
2412 3599 2753 3675 attributi,
2838 3609 2958 3661 aut
3009 3599 3234 3659 verius
3282 3599 3433 3660 voti

1919 3699 2197 3760 modum
2257 3696 2537 3774 habuit;
2605 3707 2680 3759 at
2742 3692 3027 3755 success'u
3103 3698 3431 3778 temporis

1917 3814 2153 3865 verum
2190 3812 2432 3855 nomen
2470 3791 2710 3866 evasit,
2764 3806 2980 3873 eoque
3017 3785 3287 3874 Augufli
3313 3809 3432 3874 per

1918 3889 2379 3952 adulationem
2416 3887 2817 3971 compellari
2856 3886 3284 3948 consuevere.
3325 3887 3434 3948 Ita.

1916 3985 2365 4068 Symmachus
2414 3986 2701 4047 scribens
2747 3984 2838 4046 ad
2875 3983 3426 4044 Valentinianum

295 4089 641 4169 deinceps
690 4086 757 4146 in
797 4080 1239 4168 Augustarum
1281 4081 1367 4146 est
1417 4084 1678 4160 nuruis,
1734 4103 1835 4144 us·
1911 4082 2241 4161 juniorem
2274 4129 2290 4153 ‚
2376 4082 2612 4154 malta,
2700 4080 2839 4154 ait,
2898 4077 3216 4142 Victoriae
3258 4076 3433 4143 debet

294 4203 440 4269 que
493 4182 711 4245 modo
753 4180 821 4242 in
886 4182 1104 4242 numis
1161 4179 1489 4242 Romanis
1555 4179 1834 4263 conspe-

1916 4176 2530 4242 AETERNITAS
2576 4178 2771 4260 instra
2795 4224 2812 4249 ‚
2893 4182 2953 4237 et
2987 4173 3184 4239 adhuc
3238 4172 3429 4255 plura

292 4294 520 4344 ctum.
623 4277 714 4340 Et
769 4276 1064 4362 placuit,
1147 4273 1315 4338 istud
1389 4272 1850 4361 Augustorum·
1913 4272 2170 4337 debebit.
2250 4274 2333 4334 Et
2398 4275 2468 4356 S.
2529 4269 2926 4336 Athanasius
2982 4271 3166 4355 apud
3219 4270 3434 4332 Sozo»
3498 4334 3501 4339 ,

277 4396 431 4466 par
473 4373 701 4458 specie
758 4372 935 4436 Solis
996 4384 1064 4434 et
1110 4370 1343 4433 Lunae
1412 4390 1830 4455 proponere,
1912 4390 2180 4432 menum
2234 4368 2291 4451 c)
2345 4370 2718 4455 exprobrat
2768 4367 2909 4430 Arii
2964 4364 3430 4441 sectatoribus,

291 4495 3443 4536 mmm

367 4588 434 4657 a)
470 4581 618 4653 1³⁸3.
651 4595 739 4650 ³¹·
783 4597 864 4634 io.
1065 4577 1122 4649 b>
1160 4579 1287 4649 Pag.
1324 4587 1413 4645 42.-
1451 4597 1499 4631 2.

1700 4581 1748 4645 c)
1787 4579 1853 4631 L.
1888 4579 1994 4631 IV.
2032 4597 2077 4632 e.
2125 4598 2203 4646 ⁸7-
