4242 5459
863 590 962 656 44

859 771 921 833 ei
972 763 1308 852 principio
1366 752 1498 819 fuit
1554 752 1758 819 Annii
1827 750 2023 825 Veri,
2094 745 2203 809 ted
2275 742 2365 807 ab

856 862 1253 934 Hadriano,
1304 857 1373 918 in
1411 852 1594 932 cujus
1626 848 1887 936 gremio
1943 858 2140 931 patre
2189 859 2365 904 mor-

853 976 976 1026 tuo
1020 959 1345 1022 educatus
1382 946 1553 1027 fuit,
1603 948 1822 1010 dictus
1857 943 2111 1010 Annius
2145 937 2369 1004 Veris·

853 1061 1094 1128 simus,
1144 1049 1418 1113 nomine
1463 1042 1607 1106 hoc·
1636 1041 1854 1107 altero
1891 1039 2099 1101 etiam
2146 1033 2364 1097 numia

861 1135 1142 1216 Graecis
1188 1139 1629 1217 confirmato,
1714 1136 1900 1221 quod
1964 1129 2364 1196 docebimus

833 1245 1037 1312 ‚infra
1069 1244 1141 1306 in
1178 1242 1316 1322 ejus
1351 1234 1561 1302 titulis
1584 1281 1605 1312 ,
1658 1233 2087 1313 donatusque
2132 1226 2365 1287 sexen-

855 1345 958 1407 nis
979 1357 1156 1424 equo
1179 1333 1479 1421 publico,
1519 1341 1586 1393 et
1617 1327 1920 1395 octennis
1938 1327 2002 1387 in
2026 1320 2364 1386 Saliorum

860 1436 1239 1520 conlegium
1277 1429 1553 1493 relatus.
1593 1422 1658 1507 ³¹)
1711 1426 1906 1486 Anno
1936 1415 2362 1483 aetatis.XV.

858 1535 1123 1616 sumpta
1157 1525 1339 1591 virili
1374 1539 1536 1609 toga
1580 1521 1849 1585 subinde
1885 1537 2003 1601 per
2037 1509 2369 1598 improvi-

857 1631 999 1694 sam
1030 1624 1209 1690 Aelii
1242 1620 1547 1688 Caesaris
1586 1629 1877 1682 mortem
1913 1613 2208 1674 summae
2229 1604 2369 1691 spei

857 1720 1216 1790 admoveri
1246 1718 1496 1802 coepit.
1550 1714 1813 1776 Etenim
1852 1706 2037 1776 V.C.
2076 1717 2205 1784 89¹
2234 1704 2367 1765 An·

849 1822 1123 1886 toninus
1196 1815 1353 1877 Pius
1412 1810 1501 1874 ab
1576 1808 1932 1871 Hadriano
1997 1803 2366 1884 adoptatus

849 1917 1054 2000 juffus
1080 1909 1220 1999 ipse
1259 1908 1391 1972 fuit
1427 1907 1763 1990 adoptare
1799 1901 2086 1964 Annium
2114 1897 2368 1957 Verum

858 2009 1196 2085 nostrum,
1247 2016 1316 2068 et
1366 2004 1443 2067 L.
1491 1999 1847 2066 Ceionium
1910 1990 2371 2058 Commodum

859 2106 1036 2175 Aelii
1077 2102 1264 2168 Caes.
1304 2100 1552 2175 filium,
1625 2094 1828 2158 serius
1886 2085 2245 2174 Augustum
2285 2081 2368 2144 L.

856 2203 1019 2270 Veri
1062 2199 1356 2263 nomine.
1452 2193 1587 2276 Qui
1636 2211 1685 2252 e
1729 2184 2070 2251 veteribus
2110 2183 2372 2256 dixere,

859 2299 1218 2366 Ceionium
1284 2288 1738 2356 Commodum
1794 2303 1838 2347 a
1890 2284 2180 2354 Marce,
2232 2293 2369 2339 non

860 2393 1201 2464 Antonino
1242 2390 1368 2452 Pio
1402 2384 1589 2449 fuiss'e
1623 2383 2023 2466 adoptatum
2052 2423 2071 2453 ‚
2120 2374 2365 2437 fallun·
2399 2393 2434 2442 f

856 2506 1007 2568 tur,
1044 2500 1134 2552 'ut
1182 2487 1442 2550 dicetur
1503 2483 1573 2545 iu
1632 2479 1713 2548 L.
1758 2481 1960 2539 Vero.
2059 2471 2367 2553 Adopta-

858 2601 969 2652 tus
1031 2604 1156 2671 pro
1205 2580 1429 2645 Annio
1480 2579 1698 2641 dictus
1749 2570 1838 2648 est
1889 2567 2227 2640 Aurelius,
2299 2574 2369 2625 et
2413 2564 2422 2574 '

861 2681 1219 2746 secundum
1271 2672 1516 2759 infigne
1555 2686 1853 2736 marmot
1888 2662 2366 2726 Gruterianum

859 2767 925 2857 b)
1001 2780 1178 2856 ejus,
1247 2782 1611 2849 antequam
1687 2760 2047 2846 imperium
2109 2756 2369 2833 adiret,

867 2872 1102 2935 omnia
1149 2867 1424 2930 nomina
1464 2861 1701 2925 fuere:
1752 2852 2124 2946 M.0Aelius
2154 2850 2370 2915 Aure-

864 2971 986 3032 lius
1032 2964 1239 3031 Verus
1282 2958 1518 3044 Caesar.
1571 2956 1676 3017 De
1715 2950 1932 3025 anno,
2000 2964 2136 3031 quo
2180 2958 2368 3007 uter..

868 3083 997 3148 que
1042 3057 1128 3122 est
1163 3057 1574 3140 adoptatus,
1624 3050 1889 3131 litigant
1930 3043 2197 3107 eruditi.
2251 3042 2369 3105 Di-

866 3161 1030 3222 ferte
1055 3151 1483 3240 Capitolinus
1505 3149 1575 3209 id
1613 3143 1868 3208 factum
1906 3140 2114 3202 tradit
2145 3139 2210 3199 in
2234 3141 2367 3200 An·

867 3252 1084 3318 tonini
1131 3244 1471 3312 consulatu
1524 3243 1654 3318 11.,
1730 3252 1798 3302 et
1848 3256 1999 3301 cum
2057 3233 2369 3298 Aurelius

866 3337 1395 3415 annum²XV111.
1446 3347 1714 3424 ageret,
1764 3331 1825 3412 ο)
1896 3352 2094 3416 quem
2142 3342 2373 3393 tamen

863 3449 1091 3511 locum
1126 3435 1564 3505 casaubonus
1610 3433 1681 3495 in
1737 3426 2086 3493 codicibus
2142 3424 2373 3490 misere

863 3526 1309 3628 depravatum
1333 3530 1703 3619 profitetur.
1755 3527 1895 3589 Alii
1926 3520 2091 3585 istud
2116 3518 2374 3584 factum

866 3639 1128 3704 censent
1159 3635 1323 3697 vivo
1365 3615 1761 3699 Hadriano,
1816 3632 1881 3684 et
1944 3638 2123 3680 anno
2162 3618 2242 3680 V.
2298 3614 2374 3682 C.

870 3747 997 3814 891
1029 3777 1048 3807 ‚
1102 3732 1183 3791 de
1211 3725 1506 3810 quolege
1530 3720 1975 3804 disputantem
1999 3714 2375 3776 Tillemon-

866 3830 1060 3897 tium,
1098 3814 1162 3903 ²³)
1200 3821 1361 3882 etin
1395 3817 1528 3878 hoc
1565 3814 1876 3877 examine
1913 3809 2371 3873 abundantem

868 3917 1230 3986 Camillum
1267 3908 1670 3976 Silvestrum.
1701 3913 1756 3986 e)
1832 3904 2190 3987 Quidquid
2222 3903 2373 3980 erit,

869 4021 1009 4098 ejus
1054 4023 1233 4074 certe
1273 4008 1458 4071 numi
1505 4014 1659 4066 aute
1706 4019 1953 4064 annum
2005 4001 2083 4064 V.
2119 3994 2197 4061 C.
2228 4010 2364 4079 892

862 4132 997 4177 non
1034 4115 1416 4172 occurrunt.
1466 4101 1742 4164 Praeter
1779 4093 2104 4160 collatum
2160 4092 2373 4177 Caesa-

864 4211 962 4273 ris
998 4222 1242 4268 nomen
1279 4200 1501 4284 gratia
1538 4193 1786 4257 aetatis
1834 4189 2024 4253 facta
2077 4185 2370 4272 designa·

861 4317 969 4368 tus
1003 4298 1091 4364 est
1122 4295 1449 4381 quaestor.
1503 4281 1559 4373 f)
1686 4347 1693 4356 .

1509 552 1630 629 M.
1726 544 2409 640 AVRELIVS
2509 538 3327 627 ANTONINVS.

3906 619 3942 648 ὦ.

2850 741 2935 807 V.
2962 739 3028 806 C.
3061 757 3193 823 892
3225 742 3306 805 P.
3339 740 3430 807 Χ.
3455 762 3583 824 139.

2510 836 2895 912 CAESAR.
2940 836 3459 925 QVAESTOR.
3505 823 3687 904 cos.
3714 837 3912 905 DES.

2724 1028 3198 1095 AVRELIVS.
3238 1025 3496 1095 etms,
3560 1027 3773 1094 AVG.
3826 1030 3961 1095 ΡΠ.

2743 1127 2821 1190 F.
2870 1124 3059 1190 005.
3104 1124 3299 1189 DES.
3349 1124 3556 1207 Caput
3586 1126 3836 1189 nudum.

2465 1219 3001 1288 ANTONINVS.
3032 1216 3246 1283 AVG.
3270 1219 3494 1284 PIVS.
3533 1220 3607 1282 P.
3645 1222 3717 1284 P.
3774 1221 3968 1304 Caput

2457 1318 2768 1383 Antonini
2810 1319 3183 1401 laureatum,
3230 1315 3327 1380 vel
3353 1313 3605 1381 nudum.
3657 1316 3804 1378 AR.
3831 1317 3961 1381 ΑΕ.

2456 1413 2541 1479 11.
2598 1413 2802 1497 (Mus.
2835 1409 3059 1493 Caes.)

2552 1510 2815 1573 Nomos
2874 1508 3002 1571 hos
3047 1505 3343 1593 signatos
3404 1505 3534 1571 ell’e
3571 1524 3750 1570 anno
3793 1506 3964 1585 hoc,

2460 1617 2527 1668 et
2559 1625 2695 1668 non
2731 1605 3178 1689 praecedente
3200 1650 3221 1682 ‚
3271 1602 3605 1688 probatur
3651 1620 3789 1665 non
3825 1617 3967 1666 tam

2459 1722 2544 1764 ex
2593 1702 2831 1764 addito
2872 1690 3064 1763 COS.
3087 1699 3282 1763 DES.
3316 1701 3623 1786 (poterat
3658 1689 3833 1760 enim
3859 1700 3983 1762 de·-

2459 1788 2695 1878 fignari
2732 1796 2959 1860 consul
2992 1796 3062 1857 in
3116 1813 3367 1858 annu-m
3404 1794 3703 1878 aliquem
3751 1799 3966 1857 rem‘o·

2457 1892 2743 1969 tiorem,
2809 1903 2881 1954 et
2951 1909 3088 1953 non
3164 1892 3476 1973 proxime
3527 1883 3968 1980 continuum)

2460 2005 2663 2071 quam
2712 2007 2798 2049 ex
2853 1986 3180 2050 Antonini
3232 1986 3430 2048 titulo
3468 1986 3543 2058 P,
3601 1985 3716 2066 P„
3770 2005 3971 2066 quem

2458 2081 2594 2144 hoc
2627 2083 2898 2145 demum
2951 2100 3173 2157 auno,
3237 2101 3452 2164 neque
3498 2091 3703 2144 antea
3745 2080 3838 2142 ab
3887 2099 3969 2144 eo

2457 2178 2864 2262 adoptatum
2906 2197 2995 2240 ex
3035 2178 3257 2240 numia
3287 2175 3664 2263 ¹probabile
3695 2173 3793 2240 fit.

2803 2366 2894 2434 V.
2947 2368 3014 2435 C·
3045 2382 3173 2452 893
3233 2367 3307 2432 Ρ.
3347 2367 3438 2432 Χ.
3478 2387 3622 2452 ¹4⁰·

2826 2475 2832 2481 '
2887 2464 3275 2532 CAESAR.
3348 2462 3532 2529 COS.

2545 2655 2986 2723 Consulatum
2997 2657 3134 2744 *init
3153 2676 3307 2719 cum
3325 2653 3672 2718 Antonino
3685 2673 3832 2724 cos.
3857 2656 3978 2720 111.
4007 2736 4025 2757 .

2739 2835 3213 2913 AVRELIVS.
3311 2843 3683 2909 CAESAR.
3757 2846 3975 2914 AvG.

2743 2945 2883 3008 PII.
2934 2944 3014 3009 F.
3069 2941 3260 3005 COS.
3315 2942 3519 3025 Caput
3570 2944 3824 3008 nudum.

2441 3038 3003 3104 ANTONINVS.
3024 3035 3234 3100 AvG.
3256 3028 3470 3100 PIVS.
3509 3037 3583 3099 P.
3625 3039 3693 3101 Ρ.
3722 3039 3876 3105 TR.
3897 3039 3972 3100 Ρ.

2459 3135 2650 3201 COS.
2677 3136 2798 3198 111.
2851 3134 3055 3219 Caput
3087 3133 3437 3197 laureatum
3471 3134 3612 3200 AV.
3648 3134 3792 3196 AR.
3829 3134 3972 3197 ΑΕ.

2455 3233 2508 3296 1.
2556 3232 2643 3294 11.
2695 3231 2894 3296 Numi
2936 3229 3147 3294 obvii.

3201 3323 3230 3354 ἥ

3023 3375 3054 3405 ἡ
3376 3371 3409 3406 ἢ

2755 3418 2982 3486 Eadem
3014 3418 3289 3508 adversa.

2460 3516 2792 3581 BONOS.
2854 3518 2914 3583 V
2918 3521 2981 3581 ir
3012 3513 3286 3600 'togatus
3304 3517 3486 3601 stans
3516 3515 3580 3580 d.
3615 3537 3889 3595 ramum,
3911 3518 3974 3605 s

2458 3617 2880 3697 cornucopiae.
2905 3614 3047 3676 AV.
3074 3612 3218 3673 AR.
3246 3612 3379 3673 ΑΕ.
3411 3612 3466 3682 Ι.
3525 3612 3722 3688 (Mus.
3749 3611 3976 3691 Caes.)

2557 3707 2960 3772 HONORIS
3006 3715 3214 3789 eaput
3243 3705 3542 3789 jugatum
3575 3726 3731 3769 cum
3781 3711 3975 3793 capi·

2457 3818 2528 3869 te
2555 3802 2987 3868 VIRTVTIS
3015 3801 3412 3863 observatur
3445 3802 3511 3865 in
3547 3803 3763 3866 numis
3813 3823 3976 3889 gen·

2455 3902 2624 3965 tium
2660 3897 2935 3972 Fufiae,
2987 3908 3054 3959 et
3080 3897 3392 3977 Muciae,
3445 3910 3801 3979 utrumque
3846 3902 3978 3963 eti·

2458 4016 2570 4060 am
2618 4012 2861 4076 numen
2917 3994 3320 4077 proponitur
3384 3990 3552 4055 stans
3611 3994 3679 4054 in
3727 3995 3977 4059 aversa

2453 4107 2810 4154 numorum
2848 4085 3136 4150 Galbae.
3230 4087 3336 4148 De
3389 4087 3647 4172 templo
3697 4085 3978 4173 utrique

2453 4186 2721 4247 Romae
2758 4193 2984 4245 erecto
3016 4183 3177 4245 vide
3209 4181 3576 4262 Livium.8)
3629 4184 3977 4249 VIRTVS

2456 4279 2662 4342 etiam
2720 4276 2900 4340 infra
2945 4289 3279 4340 occurret.
3370 4278 3734 4343 Praeclara
3772 4300 3976 4367 argu·

852 4443 3974 4492 mm

932 4541 992 4605 a)
1024 4532 1324 4609 Capitolin.
1363 4547 1409 4581 c.
1442 4545 1495 4579 ἰ.
1534 4536 1589 4578 et
1620 4537 1672 4585 4.
1879 4518 1939 4583 b)
1981 4517 2095 4586 Pag
2152 4533 2179 4549 ⁶

860 4611 1040 4682 lfium.

1232 4604 1289 4667 e)
1321 4594 1585 4652 Raccolta
1619 4590 1679 4644 di
1712 4587 1977 4657 calogera
2012 4532 2432 4652 T.'1ff‚⁰'p.¹‘23.

3201 4509 3210 4514 ’
3300 4511 3367 4574 d)
3404 4477 3558 4564 Nota
3592 4513 3670 4573 11,
3707 4513 3783 4565 ad
3821 4515 3980 4567 Ant.

3316 4584 3370 4653 g)
3407 4581 3473 4634 L.
3505 4581 3752 4634 xxva.
3782 4599 3830 4635 e.
3876 4601 3972 4652 25.

2566 4515 2613 4577 c)
2653 4515 2710 4563 in
2754 4510 2937 4563 Aurel.
2974 4528 3019 4563 c.
3052 4528 3109 4579 5.

2634 4580 2681 4646 ί)
2722 4578 3018 4651 Capitolin-
3040 4595 3088 4638 c.
3102 4597 3162 4650 5,
