4242 5459
832 578 913 626 ,2
1126 528 1137 532 ·
1634 545 1646 558 ·
1810 509 2640 618 'ANTOvas
2741 541 3068 615 Plvs.

882 725 1018 834 {73
1059 744 1365 813 emeruit.
1467 737 1575 800 Ab
1620 737 1973 801 Hadriano
2025 734 2257 822 postea
2299 739 2391 801 in·

878 866 982 915 ter
1020 856 1313 930 quatuor
1347 833 1726 902 consulares
1768 834 2018 897 electus
2053 832 2183 915 est,
2252 835 2393 917 qui·

878 948 1005 1020 bus
1055 940 1257 1005 Italia
1298 931 1645 997 commissa
1683 927 1849 1006 fuit,
1900 930 2179 993 subinde
2237 950 2390 1013 pto-

878 1040 1175 1109 vinciam
1236 1027 1461 1116 Asiam
1522 1046 1673 1090 cum
1708 1046 1980 1110 ·magna
2014 1027 2390 1109 gravitate,

878 1157 963 1203 ac
1022 1131 1404 1215 integritate
1442 1125 1653 1199 rexit,
1708 1121 1788 1184 fic
1825 1134 1896 1183 ut
1945 1125 2391 1204 optimorum,

881 1233 998 1317 qui
1039 1230 1097 1290 ei
1156 1222 1547 1311 praefuere,
1600 1217 1859 1284 famam
1905 1217 2269 1302 superaret.
2324 1215 2388 1297 ⁸)

876 1323 1283 1392 Provinciae
1334 1318 1525 1381 Anae
1568 1312 1969 1400 praefuisse,
2040 1315 2250 1376 etiam
2306 1332 2390 1374 ex

874 1420 1161 1509 Digestis
1195 1431 1518 1480 tenemus.
1565 1402 1621 1487 b)
1675 1411 1742 1498 ‚E
1782 1412 2137 1504 provincia
2177 1408 2397 1471 redux

877 1523 948 1584 in
983 1517 1273 1583 sanctius
1304 1509 1637 1574 Hadriani
1681 1507 2044 1571 concilium
2076 1505 2393 1570 admilsus

877 1617 1096 1700 magis
1135 1630 1254 1697 per
1298 1607 1602 1691 cognitos
1641 1604 1709 1665 in
1738 1604 1923 1666 omni
1958 1602 2107 1664 vita
2148 1618 2398 1674 mores,

880 1732 1087 1797 quam
1129 1725 1247 1792 per
1279 1703 1429 1766 leve
1473 1698 1744 1785 pietatis
1780 1698 2113 1784 specimen
2139 1746 2158 1775 ,
2212 1699 2400 1782 quod

880 1810 1422 1871 commemorant
1472 1795 1943 1880 Capitolinus»,
1996 1790 2055 1874 e)
2117 1808 2184 1857 et
2231 1795 2397 1854 Aur.

878 1905 1156 1975 Victor,
1206 1886 1269 1976 ἆ)
1324 1895 1612 1976 adeptus
1651 1887 1780 1963 est,
1814 1902 1906 1950 ·ut
1962 1902 2230 1952 mortuo
2301 1909 2400 1950 re-

883 2011 1084 2085 pente
1135 1990 1460 2054 Kalendis
1504 1988 1649 2049 lan.
1708 1987 1788 2047 V.
1850 1982 1924 2047 C.
1983 1996 2144 2064 891.
2205 1983 2401 2048 Aelio

854 2091 1172 2157 ‘Caesare
1214 2084 1445 2173 paullo
1490 2080 1632 2167 post
1670 2082 1750 2143 V.
1786 2079 1941 2143 Kal.
1974 2082 2265 2144 Martias
2313 2077 2401 2141 ab

880 2187 1237 2253 Hadriano
1273 2181 1719 2264 adoptaretur
1749 2177 1967 2239 dictus
2007 2176 2293 2262 conlega
2332 2176 2402 2236 in

877 2282 1169 2369 imperio
1218 2274 1722 2364 proconsulari,
1804 2285 1871 2334 et
1918 2274 1987 2335 in
2036 2273 2400 2336 tribunicia

878 2376 1247 2467 potestate,
1294 2371 1629 2454 juffusque
1691 2368 2024 2452 adoptare
2086 2369 2234 2454 ipse
2297 2371 2394 2432 M.

880 2474 1305 2539 Antoninum
1340 2467 1525 2529 suum
1548 2487 1633 2528 ex
1656 2462 1866 2538 fratre
1889 2467 2117 2528 uxoris
2145 2463 2399 2527 Fausti-

876 2591 1007 2636 nae
1045 2549 1404 2651 nepotem,
1458 2574 1526 2623 et
1557 2561 1636 2623 L.
1672 2563 1925 2621 Verum
1962 2560 2213 2622 mortui
2245 2580 2399 2643 pro·

878 2668 1065 2730 xime
1114 2658 1293 2725 Aelii
1340 2656 1649 2719 Caesaris
1694 2651 1928 2715 filium.
2030 2653 2210 2735 Ergo
2257 2659 2396 2733 ejus

881 2761 1199 2842 deinceps
1241 2753 1519 2817 nomina
1562 2748 1785 2812 fuere:
1879 2750 1954 2814 T.
1995 2748 2217 2813 Aelius
2260 2750 2394 2815 Ha.

884 2856 1150 2921 drianus
1179 2851 1562 2917 Antoninus.

1233 3044 1319 3110 V.
1375 3040 1443 3104 C.
1487 3054 1630 3119 891.
1683 3038 1758 3102 P.
1795 3037 1884 3102 X.
1920 3052 2060 3118 138.

1066 3142 1270 3208 [MP.
1310 3135 1560 3203 CAES.
1606 3133 1737 3198 ΤΚ.
1778 3136 1982 3200 ΡΟΤ.
2026 3133 2206 3199 COS.

1228 3235 1554 3302 Camerino
1586 3239 1645 3294 et
1677 3231 1896 3315 Nigro
1931 3231 2043 3319 tofi

1166 3428 1356 3491 IMP.
1393 3427 1481 3491 T.
1509 3423 1707 3490 AEL.
1733 3421 1978 3486 CAES.
2018 3417 2398 3485 ANTONI.

1169 3524 1230 3587 N
1239 3524 1365 3587 VS.
1390 3523 1593 3607 Caput
1608 3519 1860 3596 nudum,
1897 3523 1962 3583 in
1990 3518 2153 3584 AV.
2171 3527 2231 3581 et
2245 3517 2398 3592 AR.

878 3615 971 3689 B.
1166 3620 1357 3682 ιΜΡ.
1380 3620 1465 3681 Τ.
1485 3615 1831 3680 AELIVS.
1857 3612 2229 3678 CAESAR.
2248 3611 2400 3675 AN.

1168 3717 1234 3776 T
1234 3715 1362 3776 ΟΝ
1373 3713 1461 3776 IN
1471 3713 1598 3814 VS.
1650 3712 1862 3805 Caput¹
1875 3712 2134 3798 nudum,
2160 3701 2226 3774 iia
2245 3711 2399 3776 AB.

1175 3810 1235 3876 Ι.
1281 3809 1385 3875 II.

862 4019 866 4024 ·
1179 4001 1272 4069 Vt
1300 4000 1389 4066 lit.
1428 3983 1517 4068 ’Β.
1724 4061 1733 4078 ,

878 4097 1432 4168 HADRIANVS.
1472 4094 1695 4162 AVG..
1719 4095 1908 4163 COS.
1942 4096 2060 4160 ΠΙ.
2094 4097 2263 4162 Ρ.Ρ.
2285 4096 2396 4160 Ca-

736 4275 744 4280 ,
862 4210 986 4287 put
1008 4196 1333 4264 Hadriani
1372 4192 1628 4268 nudum.
1679 4193 1817 4258 ΛΕ.
1846 4193 1936 4256 11.
1969 4194 2171 4270 (Mus.
2203 4190 2395 4256 Chri·

873 4292 1138 4376 stinae.)

2781 741 2873 807 Vt
2912 741 3006 805 lit.
3049 742 3139 807 A.

2482 838 2820 902 PIETAS.
2859 838 3097 900 TRIB.
3148 839 3356 904 POT.
3406 827 3597 903 COS.
3655 841 3892 907 Mulier
3927 845 4023 910 ad

2481 954 2662 997 aram
2722 932 3010 998 accedens
3071 933 3134 997 d.
3170 946 3417 1000 extenta
3466 956 3745 1020 granum
3769 938 4014 1005 thais.

2473 1019 2512 1105 ο(
2527 1030 2689 1090 Mus.
2715 1020 2954 1107 Caes.)

2784 1126 2875 1187 Vt
2917 1124 3014 1188 tit.
3049 1130 3134 1189 B.

2482 1219 2716 1283 Eadem
2760 1220 2974 1307 aversa
3008 1222 3222 1287 addito
3256 1222 3322 1284 S.
3348 1220 3423 1286 C.
3450 1222 3586 1286 AE.
3612 1225 3663 1288 1.
3689 1225 3769 1287 11.
3796 1226 4014 1311 (Mur.

2473 1313 2697 1399 Caes.)

2780 1411 2872 1477 Vt
2905 1412 2999 1475 lit.
3051 1413 3132 1478 A·

2480 1507 2719 1572 Tmss.
2768 1501 2974 1570 Por.
3028 1485 3225 1574 coss.
3271 1501 3476 1596 varin
3517 1514 3727 1599 typis,
3773 1509 4016 1600 ‘aesque

2482 1601 2704 1669 obviis.
2761 1605 2906 1675 AV,
2952 1606 3098 1678 AR,
3146 1605 3349 1690 (Mus.
3386 1605 3605 1688 Caes.)

2759 1699 2878 1763 -Vt
2908 1698 3004 1763 tit.
3043 1704 3121 1767 Β.

2484 1796 2723 1858 TRIB.
2780 1795 2987 1860 POT.
3050 1796 3246 1863 COS.
3305 1798 3371 1865 S.
3425 1798 3500 1863 C.
3563 1804 3766 1866 variis
3807 1806 4014 1887 typis.

2484 1893 2624 1955 ΑΕ.
2669 1891 2719 1957 1.
2763 1890 2849 1953 11.
2892 1893 3103 1976 (Mus.
3146 1891 3366 1974 Caes.)

2585 1986 2826 2049 Omissi
2901 1991 2970 2050 in
3030 1988 3133 2051 his
3179 1993 3397 2055 numis
3450 1992 3626 2054 tituli
3671 1991 3880 2056 AvG.
3938 2011 4016 2059 et

2484 2084 2758 2146 PONT.
2797 2085 3020 2147 MAX.
3048 2130 3066 2161 ,
3126 2097 3195 2146 ut
3239 2099 3306 2148 et
3344 2088 3634 2171 elogium
3664 2079 4011 2153 Plvs‘in-

2483 2180 2663 2242 victe
2709 2179 3047 2261 probant,
3100 2180 3466 2267 descriptos
3505 2182 3827 2245 hactenus
3877 2206 4015 2249 nu-

2485 2294 2635 2338 mos
2675 2275 3014 2357 percussos
3044 2275 3230 2338 fuiss'e
3264 2279 3417 2339 inde
3440 2298 3482 2339 a
3519 2281 3599 2339 V.
3634 2277 3785 2342 Kal.
3812 2280 4014 2344 Mar·

2479 2374 2613 2435 tias
2661 2389 2871 2452 usque
2920 2374 3006 2434 ad
3057 2372 3442 2456 proximum
3501 2372 3785 2449 Iulium,
3858 2396 4016 2457 quo

2482 2466 2703 2530 mense
2745 2485 2864 2549 per
2901 2467 3232 2530 Hadriani
3290 2467 3619 2530 excessum
3679 2489 3847 2532 unus
3899 2491 4015 2535 re.

2481 2583 2626 2625 rum
2659 2563 2913 2645 potitus
2950 2582 3081 2625 non
3109 2565 3320 2627 modo
3369 2565 3685 2648 proprios
3713 2570 4014 2632 summis

2479 2654 2895 2742 principibus
2936 2656 3244 2743 Augusti,
3298 2673 3364 2722 et
3408 2659 3742 2743 pontificis
3776 2665 4015 2727 maxi·

2480 2754 2572 2815 mi
2616 2751 2851 2814 titulos
2908 2756 3207 2838 recepit,
3259 2755 3367 2817 sed
3408 2768 3475 2817 et
3527 2757 4014 2820 extraordina-

2476 2849 2580 2912 rio
2625 2848 2731 2912 Pia·
2763 2848 3027 2932 elogio,
3084 2862 3156 2911 ut
3198 2855 3517 2914 continuo
3582 2850 4013 2933 videbimuS,

2477 2957 2754 3009 ornatus
2799 2942 2947 3005 fuit.
3050 2945 3134 3007 Et
3173 2946 3529 3009 confirmat
3583 2944 3754 3008 'istud
3797 2968 4010 3031 prae·

2477 3043 2673 3124 cipue
2720 3059 2955 3103 numus
3015 3061 3101 3103 ex
3146 3043 3501 3128 propositis
3567 3043 3868 3126 primuS,
3930 3047 4014 3109 in

2481 3156 2617 3221 quo
2641 3136 3025 3198 Hadrianus
3062 3139 3283 3201 adhuc
3311 3140 3506 3202 vivus
3531 3156 3679 3200 cum
3700 3139 4011 3223 adopta.

2477 3244 2550 3293 to
2609 3250 2841 3293 recens
2900 3234 3249 3297 Antonino
3306 3234 3750 3317 conjungitur.
3833 3234 4012 3301 Non

2476 3327 2638 3391 satis
2691 3324 3014 3389 hactenus
3057 3332 3420 3413 antiquarii
3451 3332 3624 3392 inter
3663 3330 4017 3397 Antonini

2481 3442 2721 3486 numos
2783 3423 2917 3487 hoc
2980 3444 3157 3488 anno
3216 3424 3591 3510 percussoS,
3676 3425 4012 3491 nimirum

2483 3532 2812 3603 quatenus
2857 3519 2904 3582 ii
2944 3522 3033 3582 ad
3079 3522 3486 3583 Antoninum
3523 3521 3868 3607 Caesarem,
3933 3538 4016 3604 eg

2481 3617 2895 3679 Antoninum
2957 3616 3144 3681 Pium
3197 3610 3558 3702 Augustum
3617 3617 4010 3699 pertinent,

2479 3713 2853 3777 discrevere
2884 3759 2903 3788 ,
2955 3715 3162 3794 atque
3195 3716 3497 3776 omnium
3537 3712 3812 3774 minime
3845 3713 4011 3776 Me-

2481 3808 2894 3883 diobarbus,
2946 3809 3060 3890 qui
3099 3808 3191 3871 ad
3236 3808 3413 3871 hunc
3470 3807 3718 3872 annum
3758 3809 4012 3872 omnia
4121 3803 4134 3812 ’

2433 3955 2440 3962 .
2480 3906 2709 3988 inique
2733 3903 3101 3988 permiscet.
3150 3906 3376 3988 Atque
3394 3922 3520 3989 ego
3541 3921 3811 3985 quoque
3833 3920 4006 3968 can-

2479 4001 2638 4062 dide
2680 3985 2984 4063 confiteri
3032 4007 3276 4084 cogor,
3330 4019 3478 4073 me,
3531 4018 3682 4061 cum
3731 3997 4006 4062 catalo.

2476 4115 2634 4179 gum
2677 4094 2882 4156 musei
2921 4093 3232 4157 Caesarei
3269 4093 3803 4171 conscriberem,
3853 4107 4006 4159 tres

2472 4209 2758 4264 numoS,
2813 4190 3125 4253 nimirum
3185 4192 3289 4254 16.
3359 4201 3464 4272 1‘7.
3526 4203 3627 4263 18.
3670 4193 3770 4254 sic
3822 4209 4015 4275 pro..

2471 4285 2826 4371 mulgass'e,
2874 4300 3208 4371 tanquam
3233 4287 3470 4351 omiss'o
3489 4287 3760 4374 Augusti
3795 4287 4012 4350 titulo

861 4451 3998 4504 ......-,-.-----—--——----———-—---——-.

943 4531 999 4594 a)
1034 4528 1117 4580 Ca
1160 4523 1334 4578 itolin.
1364 4519 1605 4575 Philostr.
1638 4523 1697 4572 in
1733 4522 1845 4572 vita
1878 4519 2166 4572 Polemon.
2200 4530 2253 4570 et
2297 4517 2584 4571 laudatum
2621 4534 2754 4571 mox
2788 4533 3025 4569 marmor
3061 4517 3378 4590 Epheiium.

2290 4586 2349 4658 5¹)
2388 4587 2457 4639 de
2491 4585 2687 4644 caess.
2725 4588 2783 4638 in
2811 4583 2980 4640 Hadr.

866 4603 948 4662 tit,
979 4598 1087 4651 111.
1158 4639 1173 4655 .
1204 4596 1260 4647 6.
1450 4593 1504 4658 ο)
1536 4593 1593 4641 in
1644 4590 1911 4650 Antonin,
1942 4606 1987 4639 c.
2007 4602 2060 4651 4,

3535 4517 3694 4587 1³23..
3724 4516 4022 4577 nvm.
