4242 5459
1577 570 2195 680 canmva
3289 600 3439 669 327

299 774 587 844 montio.
647 779 705 855 ι)
800 777 891 840 At
954 772 1133 840 enim
1203 785 1606 860 argumenta
1655 778 1828 841 haec
1907 775 2079 840 tales
2130 773 2368 851 effent,
2423 771 2533 839 sed
2594 772 2778 860 quod
2832 774 2968 840 iuis
3041 774 3153 841 hic
3203 775 3423 843 honos

298 894 543 961 parum
572 873 715 935 sunt
741 872 1001 936 valida.
1057 872 1232 934 Nam
1276 890 1516 935 numos
1549 872 1851 938 AVGG..
1907 892 2031 959 per
2063 870 2471 935 consortium
2536 891 2687 935 eum
2747 884 2943 955 patre
2995 873 3419 954 habebatur,

296 970 412 1033 vel
449 966 788 1031 AVGGG.
831 970 899 1031 in
938 958 1070 1030 hac
1108 966 1376 1030 familia
1416 989 1548 1032 non
1578 971 1822 1054 proba·
1907 970 2092 1049 cujus
2118 969 2435 1052 exempla
2474 969 2766 1031 vidimus
2798 970 2866 1030 in
2899 968 3246 1049 Salonino,
3285 973 3422 1035 Te·
3489 972 3518 1003 ⁶

294 1084 371 1126 re
427 1065 597 1127 duos
644 1064 758 1127 vel
805 1074 942 1126 tres
983 1061 1356 1147 Augustos,
1409 1064 1614 1129 facile
1666 1087 1820 1151 pro·
1905 1067 2078 1127 trico
2135 1068 2438 1145 juniore,
2520 1065 2846 1149 aliisque,
2900 1077 2967 1127 et
3019 1086 3154 1150 quo
3207 1070 3415 1132 modo

295 1158 549 1251 bamus·
572 1179 660 1224 ex
708 1160 930 1223 numia
972 1158 1126 1244 ipsis
1162 1156 1394 1223 Carini
1450 1174 1518 1226 et
1571 1162 1818 1226 Nume-
1899 1160 2149 1244 Pagius
2177 1162 2312 1245 ipse
2349 1162 2556 1223 variis
2579 1159 2872 1223 Criticae
2899 1157 3239 1226 I'uaelocis
3268 1184 3414 1227 am·

292 1256 492 1320 riani.
1540 1308 1547 1319 .
1900 1254 2105 1343 bigua
2151 1256 2272 1319 illa
2311 1255 2585 1320 AVGG.
2635 1256 2760 1334 vel,
2807 1255 3142 1321 AVGGG.
3189 1261 3413 1343 expli-

590 1354 691 1418 M.
727 1350 1378 1418 AVR.CAR1NVS.
1405 1354 1817 1421 vetNVME-
1900 1356 2101 1418 cavit.
2229 1355 2453 1436 Atque
2498 1354 2738 1417 eodem
2809 1353 3015 1416 modo
3066 1353 3416 1440 explican-

482 1440 487 1445 ’
587 1448 940 1512 RIANVS.
981 1448 1188 1512 NOB.
1233 1449 1313 1514 C.
1902 1451 2031 1512 dae
2055 1448 2198 1512 sunt
2230 1447 2739 1533 subscriptiones
2778 1451 3027 1534 legum,
3076 1452 3141 1514 in
3169 1455 3414 1536 quibus

295 1542 713 1610 MONETA.
835 1540 1106 1614 AVGG.
1170 1558 1177 1567 '
1252 1545 1351 1611 ve!
1463 1548 1816 1615 VIRTVS.
1903 1543 2162 1627 Carus,
2234 1543 2560 1622 Carinus,
2629 1545 3079 1609 Numerianus
3138 1548 3413 1635 Auggg.

299 1637 574 1703 AVGG.
629 1651 738 1707 etc.
1358 1662 1365 1671 ·
1899 1642 2371 1725 appellantur,
2426 1654 2498 1703 ut
2536 1642 2714 1705 adeo
2745 1641 2927 1705 nulla
2961 1644 3137 1706 ratio
3178 1643 3251 1707 fit
3289 1649 3412 1710 ad·-

290 1734 676 1798 Secundum
723 1735 1006 1821 Pagium
1056 1755 1125 1799 το
1177 1736 1450 1805 AVGG.
1490 1742 1705 1823 partis
1742 1761 1814 1803 a·
1899 1737 2197 1815 serendi,
2251 1734 2429 1800 filios
2466 1749 2627 1799 ante
2668 1738 2880 1819 patris
2926 1751 3217 1801 mortem
3277 1744 3409 1805 Au·

287 1831 526 1894 versae
567 1833 826 1897 indicat
866 1829 1119 1893 Carum
1177 1847 1242 1897 et
1287 1832 1648 1913 Carinum,
1702 1836 1813 1899 vel
1896 1830 2120 1918 gusteo
2160 1835 2418 1896 honore
2473 1829 2662 1894 fuiss'e
2701 1831 3194 1897 condecoratos
3221 1882 3242 1913 ‚
3299 1837 3414 1902 sed

282 1924 551 1990 Carum
586 1939 655 1989 et
684 1929 1169 1991 Numerianum
1216 1930 1564 2015 Augustos.
1635 1937 1723 1995 At
1767 1932 1808 1994 fi
1896 1942 2234 2014 appareat
2273 1928 2455 2004 satis,
2508 1929 2797 2010 primum
2836 1947 2880 1990 a
2918 1941 3111 2010 patre
3143 1946 3413 1997 creatos

283 2018 502 2098 istud,
597 2043 717 2085 cur
775 2022 1063 2086 Carinus
1117 2036 1183 2087 et
1232 2026 1685 2090 Numerianus
1739 2027 1810 2088 in
1893 2020 2082 2084 fuiss'e
2107 2022 2459 2099 Caesares,
2512 2023 3165 2105 moximperatores,
3207 2043 3413 2114 atque

282 2128 490 2203 parte
532 2119 717 2181 numi
756 2120 1028 2195 antica,
1081 2118 1186 2183 seu
1230 2123 1588 2200 nobiliore,
1633 2141 1811 2207 quae
1889 2116 2011 2180 illo
2055 2121 2333 2181 tandem
2391 2128 2664 2179 mortuo
2742 2114 3067 2200 Augustos
3150 2121 3408 2201 dictori,

286 2230 530 2275 omnes
599 2216 947 2300 utriusque
995 2216 1227 2279 titulos
1303 2220 1809 2306 complectitur,
1895 2225 1971 2276 ut
2011 2216 2194 2276 numi
2232 2212 2541 2276 statuunt.
2599 2212 2976 2275 Numerum
3005 2212 3408 2282 Latinorum

286 2309 583 2395 Caesares
610 2323 872 2374 tantum
902 2312 1384 2397 appellantur?
1436 2317 1505 2378 Si
1549 2336 1705 2401 ergo
1738 2316 1808 2377 in
1891 2312 2109 2394 legem
2172 2309 2529 2394 sequuntur
2594 2321 2661 2371 et
2728 2308 2914 2371 numi
2967 2308 3410 2381 Alexandrini

278 2403 396 2467 his
433 2425 501 2467 το
541 2402 813 2470 AVGG.
851 2419 1032 2471 certe
1061 2426 1197 2472 non
1232 2411 1507 2494 probat,
1557 2427 1807 2476 utrum·
1890 2406 2132 2492 paucis
2171 2406 2501 2490 demptis,
2556 2405 2668 2488 qui
2698 2402 2973 2491 facilem
3007 2407 3406 2492 explicatio·-

282 2519 422 2583 que
444 2498 1043 2590 fuiffestugustum‚
1096 2524 1230 2567 non
1260 2506 1583 2591 probabit
1602 2511 1807 2572 etiam
1887 2522 2043 2567 nem
2077 2502 2485 2579 admittunt,
2558 2498 2672 2565 nili
2722 2501 2950 2585 potius
2994 2520 3040 2565 a
3098 2517 3404 2579 moneta-

278 2597 357 2657 in
390 2596 475 2657 iia
498 2644 520 2674 ,
571 2616 740 2683 quos
774 2600 1023 2683 Pagius
1061 2601 1250 2663 citat.
1336 2600 1605 2687 Augusti
1643 2620 1823 2690 erge>
1885 2600 2006 2664 riis
2054 2611 2346 2685 peccata
2376 2597 2617 2664 haberi
2657 2596 2977 2665 debeant.

278 2690 600 2759 dicuntur
650 2700 722 2764 in
787 2696 1047 2774 numia,
1121 2715 1258 2761 non
1316 2700 1505 2787 quod
1560 2717 1804 2767 revera

1565 3091 1791 3163 PRE
1809 3089 1924 3159 TI
1941 3087 2014 3158 V
2017 3088 2124 3159 Μ.

482 3279 689 3347 Aurei
974 3293 1010 3345 Ζ
1204 3324 1229 3342 .
1424 3322 1461 3345 .
1652 3322 1687 3344 .
1880 3320 1907 3339 .
2110 3316 2137 3330 ·
2331 3313 2366 3334 -
2561 3309 2597 3331 -
2789 3309 2819 3322 ·
3013 3273 3159 3343 Ra.

474 3380 795 3464 Argentei
829 3382 983 3466 puri
1226 3422 1259 3445 ..
1461 3423 1485 3438 -
1677 3416 1701 3435 ·
1900 3415 1926 3432 ·
2120 3411 2180 3428 ο·
2342 3407 2369 3426 ·
2565 3404 2593 3422 ·
2791 3403 2816 3421 ·
3009 3372 3218 3442 RRR.

470 3473 687 3538 Aenei
739 3495 924 3540 max.
976 3479 1164 3545 mod.
1220 3515 1242 3531 ·
1442 3517 1464 3533 ·
1663 3515 1687 3530 ·
1884 3514 1910 3531 ·
2113 3510 2137 3526 ·
2335 3503 2361 3520 ·
2559 3504 2582 3541 .-
2785 3501 2809 3518 ·
3000 3466 3150 3533 RR-

466 3567 684 3632 Aenei
736 3560 789 3634 1:
813 3569 1105 3639 -formae
1207 3613 1230 3629 -
1428 3602 1478 3626 ·-
1653 3612 1679 3628 ·
1880 3609 1906 3623 -
2108 3604 2140 3621 ·
2337 3602 2366 3618 -
2564 3598 2589 3615 ·
2791 3596 2820 3615 ·
3018 3565 3105 3631 Ο.

465 3662 684 3728 Aenei
733 3664 821 3729 11.
874 3663 1146 3735 formae
1429 3706 1456 3722 -
1660 3708 1686 3724 ·
1884 3704 1915 3719 ·
2109 3699 2140 3718 ·
2204 3698 2212 3706 ·
2333 3697 2362 3715 ·
2559 3696 2587 3713 ·
2783 3691 2815 3710 ·
3013 3660 3225 3727 ΗΚΒ·

460 3758 678 3823 Aenei
726 3760 848 3825 111.
899 3763 1168 3831 formae
1261 3834 1270 3845 ,
1422 3805 1447 3821 ·
1498 3760 1505 3765 ’
1643 3804 1670 3818 -
1870 3800 1897 3816 ·
2099 3798 2125 3813 ·
2325 3793 2354 3808 ·
2551 3795 2578 3810 ·
2771 3795 2798 3807 -
2998 3754 3079 3829 C.

465 3852 907 3924 Alexandrini
1202 3901 1229 3939 -.
1292 3862 1303 3871 ‘
1426 3901 1452 3915 -
1649 3898 1676 3914 .
1874 3897 1905 3935 ·.
2098 3874 2134 3909 .·
2321 3888 2358 3926 ρ,
2550 3888 2580 3927 3
2776 3888 2806 3925 .,
2994 3852 3083 3921 Β,

1289 4149 1783 4220 MAGNIA
1905 4142 2367 4217 VRBICA.

349 4325 463 4394 Ex
492 4329 646 4396 solis
675 4338 920 4418 numia,
971 4342 1192 4430 iisque
1226 4345 1516 4431 copiolia
1546 4346 1777 4433 cogni·
1857 4356 2086 4409 torum
2144 4338 2308 4405 seito
2337 4344 2634 4423 'experta
2674 4329 2788 4399 est.
2853 4330 3388 4435 Plerique'eam

230 4433 366 4502 ta,
424 4426 619 4491 varia
658 4443 975 4520 tempora
1021 4458 1105 4502 ae
1169 4439 1512 4507 thalamos
1556 4443 1777 4508 erudi·
1859 4442 1931 4505 in
1952 4435 2291 4505 Maxentii
2321 4443 2621 4515 aetatem
2655 4432 3034 4508 dimovere,
3085 4429 3195 4493 fed
3225 4446 3386 4494 con·

328 4635 412 4706 4)
449 4634 602 4693 Nota
632 4641 711 4698 11.
740 4645 808 4699 in
840 4647 1064 4705 Caum.
