4242 5459
940 570 1085 636 420

892 817 913 829 „
1045 763 1255 829 Numi
1327 759 1575 845 reliqui
1638 767 1846 843 typos
1908 754 1977 819 in
2036 750 2480 842 Augustarum

949 875 1229 931 moneta
1264 859 1512 928 obvios
1547 855 1914 921 continent.

1162 1115 1169 1123 .
1229 1021 1431 1123 Nemi
1477 1051 1797 1117 commatis
1835 1002 2181 1134 peregrini.

1047 1250 1144 1312 Vt
1184 1243 1537 1310 Gallienus
1568 1293 1587 1323 ,
1655 1244 1755 1307 ita
1811 1254 1879 1305 et
1929 1261 2104 1305 uxor
2162 1238 2476 1324 copiosos

952 1344 1243 1411 ostentat
1272 1361 1514 1405 numos
1562 1339 1732 1403 foris
1773 1337 2101 1424 lignatoS‚
2159 1335 2326 1399 nihil
2375 1349 2475 1399 ta·

950 1436 1119 1508 men'
1144 1440 1216 1503 hi
1253 1436 1342 1502 ad
1376 1435 1721 1501 historiam
1760 1435 2279 1499 memorandum
2319 1452 2473 1495 con·

948 1541 1167 1603 tinent
1199 1548 1472 1623 praeter
1505 1534 1822 1613 nomina,
1879 1533 1963 1596 de
2001 1530 2247 1616 quibus
2287 1548 2474 1594 mox.

1369 1729 1661 1796 Nomina.
1687 1722 2049 1791 Saloninus.

980 1966 1003 1977 s
1048 1927 1160 1989 Ex
1198 1926 1418 1988 numis
1472 1920 1736 1985 Latinis
1771 1932 1839 1983 et
1881 1916 2338 1982 marmoribus
2400 1938 2475 1982 a.

951 2024 1049 2087 lia
1097 2025 1239 2103 ejus
1281 2021 1562 2084 nomina
1606 2035 1740 2079 non
1795 2016 2126 2079 habemus
2181 2027 2480 2097 praeter-

955 2139 1162 2205 quam
1222 2117 1536 2183 Corneliae
1581 2113 1937 2179 Satoninae.
2041 2110 2201 2174 Alia
2254 2112 2482 2177 adhuc

950 2228 1341 2281 memorant
1374 2213 1557 2277 numi
1601 2207 1871 2275 Graeci.

1049 2312 1249 2378 Iulia.
1317 2311 1644 2375 Additum
1696 2325 1944 2370 nomen
1997 2303 2166 2390 illud
2235 2304 2480 2389 legitur

951 2407 1419 2473 innonnullis
1477 2405 1698 2467 numis
1743 2403 2008 2466 urbium
2063 2400 2353 2478 Cariae,
2406 2413 2482 2464 ut

952 2505 1365 2568 Antiochiae
1405 2515 1471 2564 et
1509 2499 2019 2585 Aphrodiliadis
2048 2548 2067 2578 ‚
2124 2497 2246 2561 lic:
2301 2499 2476 2561 ΙΟΤ.

953 2602 1156 2666 ΚΟΡ.
1246 2600 1731 2666 CAAnNmA-.
1802 2593 1865 2676 ²)
1964 2596 2129 2658 Inde
2183 2615 2226 2657 a
2304 2591 2481 2656 Iulia

947 2696 1231 2761 Domna
1342 2694 1595 2758 multae
1721 2688 2167 2778 Augustarum
2221 2738 2246 2771 ,
2365 2686 2477 2751 etfi

1013 4654 1071 4715 a)
1104 4645 1359 4702 Pellerin.

2165 548 2890 635 SALONINA.

2559 776 2645 820 ex
2664 769 2860 843 gente
2894 756 3071 826 Iulia
3105 781 3241 829 non
3276 762 3498 845 fuere,
3545 765 3740 831 Iuliae
3762 767 3854 834 [ibi
3886 789 3966 835 no·
4005 794 4008 797 ·

2556 873 2712 918 men
2749 854 3117 925 adscivere.
3165 862 3376 946 Igitur
3403 862 3572 927 filius
3609 864 3687 946 Q.
3714 866 3902 950 lulius,
3927 882 3972 931 et

2556 948 2699 1015 filia
2728 951 2940 1032 Iulia,
2993 977 3165 1041 quos
3207 959 3403 1045 supra
3428 961 3494 1023 in
3527 964 3658 1041 ejus
3689 960 3882 1026 liberis
3904 965 3967 1026 in·

2558 1048 2828 1158 dieavi,
2881 1070 2927 1113 a
2985 1068 3202 1119 matre
3248 1055 3420 1121 haec
3464 1055 3576 1119 sua
3615 1067 3852 1121 tenuere
3886 1078 3971 1122 no·

2555 1163 2764 1212 mina.
3986 1178 3990 1183 ·

2653 1244 2732 1308 Ρ.
2775 1243 3042 1311 Licinia.
3093 1244 3373 1332 Legitur
3414 1250 3484 1313 in
3530 1251 3732 1314 numia
3780 1248 3970 1336 Aphro·

2556 1338 2829 1402 difiadis
2869 1354 2935 1404 et
2965 1344 3302 1429 Bar-garae
3324 1393 3343 1424 ,
3399 1342 3638 1410 Cariae
3673 1349 3844 1411 item:
3875 1350 3971 1411 ΠΟ.

2557 1436 2965 1503 AIK.1<01².
2995 1432 3475 1508 CAAQNIN'A.
3508 1441 3839 1528 (Pellerin.)
3866 1440 3969 1506 cer-

2557 1545 2700 1595 tum
2763 1535 3075 1611 videtur,
3143 1538 3539 1603 Saloninam
3597 1560 3709 1624 pro
3760 1558 3829 1601 ea
3874 1542 3968 1619 ejus

2557 1631 2806 1692 aetatis
2858 1632 2927 1692 in
2972 1634 3390 1718 adoptandis
3442 1635 3794 1699 nominibus
3833 1635 3970 1698 licen·

2556 1726 2656 1807 tia
2696 1725 2868 1789 haec
2907 1730 3190 1794 nomina
3231 1752 3275 1795 a
3316 1734 3564 1796 marito
3601 1729 3866 1795 Gallieno
3891 1726 3973 1791 sus·

2555 1822 2822 1906 cepiss‘e.

2657 1918 3072 2008 Chrysogone.
3126 1923 3396 1989 Nomen
3433 1923 3592 1989 istud
3630 1927 3750 2007 jam
3785 1921 3971 2007 pridem
4019 1992 4026 2001 ι

2557 2037 2646 2079 ex
2695 2018 2914 2079 numis
2956 2015 3236 2083 Graecis
3294 2024 3674 2108 cognitum:
3741 2018 3968 2084 CAAnN.

2557 2106 3109 2179 X'PTCOFONH.
3139 2116 3310 2181 CCB.
3345 2120 3721 2203 inscriptum
3757 2111 3969 2196 complu

2560 2209 2745 2272 ribus
2787 2212 3005 2275 numis
3046 2210 3311 2295 urbium
3357 2216 3593 2279 Ioniae
3633 2233 3708 2276 ac
3764 2210 3969 2294 Lydiae.

2561 2306 2664 2368 Ex
2701 2325 2839 2388 quo
2885 2318 3116 2370 tamen
3154 2326 3287 2372 non
3323 2309 3648 2397 sequitur,
3694 2306 3844 2391 quod
3869 2321 3967 2366 cen·

2561 2400 2745 2463 fuere
2783 2403 3126 2480 nonnulli,
3179 2405 3576 2470 Saloninam
3621 2404 3777 2469 forte
3824 2398 3970 2481 stirpis

2563 2492 2870 2590 Graecae
2912 2496 3123 2564 fuiss'e.
3179 2501 3560 2566 Verisimile
3586 2500 3701 2579 est,
3748 2500 3797 2561 ei
3843 2510 3969 2559 aure·

2564 2610 2676 2654 um
2728 2592 2894 2655 istud
2936 2612 3183 2659 nomen
3219 2614 3257 2659 a
3299 2600 3697 2680 quibusdam
3730 2585 3970 2661 adulanti·

2564 2686 2689 2751 bus
2736 2685 3090 2755 Graeculis
3132 2688 3322 2757 fuiffe
3373 2695 3689 2760 adfixum.

2243 2974 2303 3041 P
2315 2974 2455 3044 RE
2473 2979 2582 3045 TI
2604 2976 2677 3047 V
2683 2976 2787 3046 M.

952 3176 1290 3246 commatis
1336 3176 1605 3244 Romani
1619 3201 1644 3241 .-

1142 3276 1352 3341 Aurei
1455 3313 1476 3327 ·
3674 3274 3842 3338 RRR.

1145 3373 1467 3460 Argentei
1520 3390 1704 3436 max.
1739 3367 1923 3432 mod.
3677 3371 3850 3438 RRR.

1141 3470 1461 3558 Argentei
1514 3465 1775 3531 moduli
1829 3463 2160 3529 ordinarii
3681 3470 3749 3535 C.

1138 3569 1356 3631 Aenei
1407 3586 1597 3633 max.
1647 3563 1834 3627 mod.
3677 3566 3803 3630 ΒΚ.

1144 3666 1361 3739 Aenei
1415 3663 1468 3726 Ι.
1508 3674 1574 3724 et
1625 3660 1710 3723 11.
1762 3658 2031 3724 formae
2134 3696 2157 3711 ·
3688 3664 3763 3727 R.

1143 3763 1355 3823 Aenei
1405 3758 1526 3824 111.
1562 3753 1846 3820 formae
2108 3746 2156 3814 -’
2565 3787 2601 3800 ·
2790 3793 2824 3809 ·
3680 3756 3748 3824 C.

947 3854 1283 3920 Commatis
1324 3856 1650 3939 peregrini
1693 3878 1718 3917 .-

1138 3950 1426 4012 Vrbium
1479 3950 1848 4013 liberarum
2139 3987 2162 3999 -
2361 3983 2384 3998 ·
2587 3981 2611 3999 ·
2811 3990 2832 4003 ·
3033 3989 3056 4003 -
3257 3995 3278 4009 .
3476 3996 3497 4009 .
3684 3948 3760 4016 R.

1141 4044 1584 4109 Coloniarum
1884 4078 1917 4097 -
2119 4079 2141 4092 ·
2339 4083 2370 4099 ·
2571 4083 2594 4097 -
2794 4082 2828 4101 -
3023 4085 3046 4100 ·
3246 4093 3263 4105 .
3469 4093 3491 4106 .
3679 4048 3806 4111 RR.

1136 4141 1585 4204 Alexandrini
1889 4173 1920 4189 ·
2120 4175 2142 4188 -
2342 4173 2365 4190 -
2566 4180 2588 4194 .
2786 4177 2809 4192 -
3011 4181 3034 4196 .
3229 4186 3250 4201 .
3450 4189 3469 4202 .
3663 4143 3729 4208 C.

965 4550 3962 4599 ...mmm—...d-
