4242 5459
910 576 999 655 96

905 760 1237 832 Galerium
1261 805 1282 839 ,
1335 778 1532 843 quem
1557 757 1754 842 snpra
1782 756 1851 819 in
1892 754 1990 818 M.
2027 752 2283 819 Aurelii
2308 772 2424 816 no·

900 859 1193 926 minibus
1232 855 1555 929 laudavi,
1606 869 2037 935 nequaquam
2073 854 2256 913 Vero
2291 854 2422 913 An-

900 955 1382 1019 tonininomen
1418 950 1740 1027 tribuere,
1792 964 1929 1029 quo
1964 946 2123 1010 loco
2164 946 2248 1007 de
2268 963 2422 1029 per·

899 1050 1179 1115 mutatis
1208 1047 1297 1112 ab
1323 1057 1608 1127 utroque
1645 1040 2221 1128 appellationibus
2257 1040 2418 1125 agit.

897 1147 1007 1211 Ad
1062 1144 1274 1219 haec,
1349 1139 1391 1204 fi
1444 1158 1688 1204 revera
1747 1133 2197 1201 honorificum
2252 1133 2419 1197 istud

896 1239 1221 1305 Antonini
1255 1254 1502 1302 nomen
1554 1233 1672 1297 libi
1716 1232 2014 1295 delatum
2066 1228 2234 1303 fuit,
2303 1247 2420 1292 cur

894 1336 1061 1400 illud
1098 1337 1280 1398 Vero
1321 1333 1391 1396 in
1432 1329 1615 1394 nullo
1654 1341 1772 1395 aut
1797 1343 2045 1401 numo,
2098 1336 2217 1387 aut
2242 1343 2430 1388 mar--

894 1452 1111 1506 more,
1159 1448 1296 1492 non
1330 1445 1493 1491 raro
1530 1444 1765 1490 omnes
1809 1424 1947 1502 ejus
1996 1417 2231 1482 titulos
2253 1416 2414 1480 libe·

894 1528 1132 1592 raliter
1168 1527 1494 1605 jactante,
1531 1519 1822 1584 sociatur
1848 1519 1879 1578 ’.θ
1917 1517 2197 1599 dempto
2235 1511 2414 1576 forte

894 1618 1272 1688 Amastriae
1309 1615 1821 1699 Paphlagoniae
1869 1630 2116 1688 numo,
2168 1612 2238 1672 in
2278 1628 2412 1692 quo

895 1719 957 1780 is
989 1762 1010 1792 ,
1064 1715 1106 1778 fi
1140 1713 1349 1775 modo
1386 1712 1545 1773 satis
1584 1708 1928 1772 fidendum
1975 1706 2240 1771 auctori
2272 1725 2414 1767 mu·

894 1810 987 1876 sei
1019 1805 1407 1891 Theupoli‚
1461 1801 1523 1885 ⁸)
1576 1807 1763 1885 cujus
1805 1821 1940 1865 non
1981 1820 2139 1864 raro
2178 1818 2416 1864 oracu-

893 1905 967 1966 Β
1009 1900 1291 1978 fallunt,
1379 1900 1625 1962 dicitur
1698 1896 2070 1963 OTHPOC.
2123 1895 2419 1959 ΑΝΤΩ-

897 1995 1184 2066 NINOC.
1270 1995 1455 2058 Addi
1514 1991 1727 2076 poss'et
1774 2011 2015 2055 numus
2069 1991 2414 2054 maximae

768 2074 773 2080 ’
891 2091 1164 2158 formae
1230 2090 1413 2176 apud
1479 2088 2007 2150 Buonarrotium
2068 2074 2126 2160 b)
2195 2085 2414 2148 inscri-

892 2201 1092 2274 ptus:
1163 2189 1306 2250 Ar.
1368 2182 1738 2250 OTHPOC.
1781 2181 2412 2247 .ANTnNclNOC.

894 2287 1149 2350 Verum
1187 2301 1324 2348 non
1355 2279 1514 2346 satis
1561 2279 1814 2361 liquet,
1868 2275 2022 2340 fitne
2073 2288 2280 2361 caput
2314 2277 2413 2343 M.

848 2441 855 2446 .
896 2379 1158 2448 Aurelii
1184 2423 1207 2455 ‚
1256 2397 1347 2442 an
1384 2374 1465 2443 L.
1502 2376 1688 2437 Veri.
1745 2371 1913 2438 Cum
1948 2372 2150 2458 igitur
2184 2392 2412 2435 monu-

898 2488 1131 2542 menta
1163 2472 1483 2560 publica,
1535 2469 1765 2533 saltem
1810 2480 2037 2546 certa,
2101 2467 2236 2530 hoc
2298 2467 2444 2538 no„

897 2592 1054 2636 men
1101 2572 1468 2644 reticeant‚
1519 2563 1877 2628 verisimile
1916 2564 2184 2647 potius,
2246 2561 2416 2627 illud

899 2670 1082 2732 Vero
1130 2682 1472 2747 nunquam
1527 2671 1712 2721 certa
1762 2658 2088 2738 quapiam
2124 2656 2268 2738 lege
2311 2655 2414 2719 fu.

896 2762 1009 2827 iss'e
1043 2760 1379 2832 delatum,
1435 2753 1544 2818 etfi
1584 2772 1704 2835 per
1738 2749 2057 2814 Antonini
2099 2751 2416 2833 adoptio.

897 2871 1053 2920 nem
1103 2855 1211 2930 ius
1248 2851 1346 2914 illi
1377 2850 1444 2912 in
1480 2848 1613 2912 hoc
1645 2845 1815 2921 fuit,
1868 2855 1935 2906 et
1987 2842 2028 2905 fi
2068 2842 2233 2906 illud
2272 2844 2418 2907 for-

898 2963 967 3016 te
999 2950 1063 3009 in
1097 2945 1422 3029 quopiam
1458 2952 1901 3006 monumento
1928 2941 1996 3001 in
2044 2942 2414 3022 provinciis

899 3044 1141 3110 statuto
1181 3041 1603 3120 conjunctum
1635 3036 1897 3120 legatur
1921 3080 1941 3111 ,
1991 3034 2061 3096 id
2093 3053 2178 3097 ea
2208 3038 2417 3100 ratio·

899 3160 984 3206 ne
1029 3135 1287 3202 factum
1333 3133 1551 3220 videri
1606 3131 1850 3215 possit,
1918 3149 2054 3212 qua
2094 3131 2410 3197 Aurelius

902 3251 1173 3319 quoque
1193 3228 1415 3294 adhuc
1440 3226 1686 3292 Caesar
1712 3228 1781 3290 in
1801 3226 2137 3290 nonnullis
2163 3229 2410 3308 numis,

899 3332 1010 3397 ted
1058 3326 1416 3392 commatis
1450 3324 1823 3408 peregrini,
1881 3322 2253 3388 Antoninus
2303 3324 2412 3387 di-

900 3427 1106 3502 citur,
1156 3421 1273 3486 sed
1310 3419 1492 3484 nulla
1530 3418 1805 3504 publica
1846 3420 2284 3496 auctoritate,
2336 3432 2416 3486 ut

892 3523 1090 3608 supra
1123 3520 1199 3584 in
1230 3514 1441 3582 titulis
1472 3518 1577 3578 M.
1606 3513 1875 3580 Aurelii·
1902 3514 2223 3578 indicavi.
2279 3512 2410 3577 Ca..

894 3617 1261 3705 pitolinus,
1329 3624 1396 3676 et
1443 3610 1923 3694 Lampridius,
1996 3612 2112 3691 qui
2168 3608 2418 3676 datum·

892 3714 995 3778 illi
1028 3711 1158 3773 hoc
1188 3727 1439 3772 nomen
1460 3704 1874 3770 confidenter
1905 3705 2246 3783 adserunt,
2266 3702 2406 3771 for·

894 3818 961 3868 te
992 3802 1159 3867 istud
1200 3821 1287 3864 ex
1318 3799 1609 3864 aliorum
1656 3800 1979 3862 sententia
2011 3800 2406 3884 scripserint3

892 3917 1053 3962 nam
1084 3895 1321 3960 horum
1344 3892 1667 3976 posterior
1697 3906 2035 3958 memorat
2049 3902 2407 3978 quoquest)

895 3994 1059 4060 undo
1100 3993 1286 4056 etiam
1318 3985 1569 4072 quidam
1600 3995 1660 4050 st
1698 3987 1996 4054 Severum
2015 4036 2037 4072 ‚
2088 4001 2148 4054 et
2187 3993 2407 4058 Perti..

897 4107 1104 4154 atacem
1127 4133 1147 4163 ‚
1197 4095 1256 4149 et
1294 4083 1610 4149 lulianum
1635 4084 2105 4149 Antoninorum
2145 4105 2406 4162 mnem-

895 4183 1165 4250 mim‘bus
1214 4179 1614 4246 honorandos
1652 4187 1911 4262 putant.
1983 4182 2235 4242 Verum
2285 4181 2416 4244 hos

900 4278 1157 4346 nullum
1214 4274 1437 4348 adhuc
1494 4274 1837 4358 cognitum
1898 4287 2408 4340 monumentum

1731 558 1825 632 L.
1925 548 2608 634 Avnnmvs
2710 495 3169 630 v'ERvs.

2505 754 2884 818 Antoninos
2926 747 3558 837 pronunciat..Ejus
3612 748 3820 813 etiam
3865 750 4020 816 Ela-

2505 847 2826 935 gabalum
2874 849 2945 911 in
2981 847 3479 910 Antoninorum
3522 845 3789 909 calculo
3812 849 4018 913 ratio-

2467 955 2474 962 ·
2503 964 2656 1008 nem
2686 964 2822 1009 non
2845 941 3185 1018 habuiss'e,
3235 943 3306 1004 in
3335 940 3531 1023 hujus
3575 954 3854 1008 moneta
3900 942 4021 1008 sub

2505 1041 2777 1104 nomine
2811 1040 3123 1105 Antonini
3158 1035 3586 1103 videbimus.-

3039 1227 3104 1293 P
3120 1248 3157 1293 ο
3176 1247 3221 1291 η
3242 1228 3397 1317 tiss
3408 1250 3482 1294 x.

2596 1422 3037 1488 Pontificatus
3072 1420 3140 1482 in
3172 1422 3424 1485 Verum
3451 1419 3687 1485 collati
3728 1417 3837 1483 etfi
3879 1438 4020 1484 non

2500 1520 2928 1586 meminerint
2979 1516 3378 1599 scriptores,
3441 1516 3740 1580 dubitari
3783 1529 4018 1603 tamen

2499 1612 2686 1678 nullo
2733 1625 2940 1697 pacto
2991 1609 3246 1694 potest,
3300 1616 3441 1696 ejus
3495 1614 3758 1697 generis
3804 1630 4018 1675 unum

2500 1708 2613 1772 vel
2644 1708 2868 1793 plures
2893 1705 2993 1769 illi
3030 1704 3172 1790 post
3208 1708 3652 1792 adoptionem
3675 1705 3864 1769 fuiss'e
3899 1708 4017 1769 de·

2499 1816 2747 1872 cretos.
2827 1803 2915 1865 Et
2944 1818 3110 1865 vero
3147 1799 3473 1867 Gruterus
3515 1801 3814 1887 lapidem
3868 1801 4020 1865 vul-

2501 1900 2729 1983 gavit,
2781 1899 2851 1962 in
2886 1916 3022 1982 quo
3066 1896 3220 1960 aliis
3261 1901 3403 1979 ejus
3454 1901 3783 1962 encomiis
3819 1898 4019 1961 addi-

2502 2006 2609 2057 tur
2664 1994 2900 2057 titulus
2953 1992 3410 2058 PONTIFIC.
3455 1984 3511 2071 ὃ)
3585 1994 3792 2055 Numi
3833 1994 4020 2057 huno

2498 2089 2827 2152 honorem
2851 2100 3180 2173 perpetuo
3200 2090 3503 2153 reticent.
3524 2089 3618 2149 At
3645 2089 3820 2154 enim
3844 2086 4023 2152 istud

2496 2187 2737 2247 mirum
2760 2230 2780 2261 ,
2833 2184 2913 2247 L.
2954 2184 3204 2246 Verukn
3238 2185 3303 2245 in
3328 2182 3501 2246 binis
3538 2180 3804 2245 Gruteri
3835 2204 4016 2254 mar·

2497 2279 2799 2342 moribus
2836 2280 2969 2341 dici
2991 2279 3336 2363 pontificem
3365 2282 3729 2360 maximum,
3779 2276 3839 2358 e)
3861 2297 4021 2342 cum

2499 2373 2748 2439 constet
2791 2386 3064 2448 tamen,
3132 2372 3173 2434 fi
3224 2376 3496 2456 quando
3552 2373 3689 2437 duo
3736 2372 4020 2458 Augusti

2496 2470 2854 2554 imperium
2909 2488 3041 2533 una
3096 2480 3487 2554 tenuerunt,
3561 2468 3807 2532 horum
3869 2471 4018 2532 tan·

2496 2579 2637 2627 tum
2671 2585 2872 2627 unum
2895 2611 2940 2643 ‚p
2966 2576 3171 2646 atque
3208 2564 3383 2628 hunc
3418 2565 3742 2628 seniorem
3792 2566 4020 2649 ponti-

2497 2659 3056 2723 ficatus'maximi
3104 2679 3378 2723 munere
3436 2660 3780 2738 functum,
3850 2661 4018 2724 dum

2494 2754 2824 2816 Balbinus
2877 2766 2943 2817 et
2996 2755 3337 2838 Pupienus
3397 2776 3657 2820 morem
3709 2767 4020 2820 veterem

2494 2847 2850 2933 infregere.
2902 2849 3131 2931 Quare
3160 2870 3576 2916 marmorum
3595 2852 3838 2916 horum
3875 2852 4018 2936 epi·

2494 2959 2879 3031 grammata
2915 2955 3036 3008 aut
3064 2944 3243 3009 male
3282 2945 3428 3011 sunt
3477 2947 3830 3032 descripta,
3890 2957 4020 3011 aut

2496 3042 2565 3102 in
2604 3041 2978 3124 provinciis
3015 3060 3060 3103 a
3090 3040 3370 3106 rudibus
3403 3044 3684 3129 ingeniis
3723 3042 4022 3121 dictata,

2493 3136 2564 3199 in
2598 3154 2731 3220 qua
2768 3136 3093 3200 sententia
3129 3139 3478 3222 comperio
3509 3157 3782 3221 quoque
3815 3135 4016 3201 fuiss'e

2491 3231 2930 3310 Bimardum‚
3016 3233 3132 3314 qui
3211 3231 3527 3297 intrusum
3595 3235 3774 3296 hunc
3844 3233 4016 3296 Veri

2491 3324 2964 3409 pontificatum
3018 3328 3393 3391 maximum
3442 3330 3712 3416 copiose
3747 3339 3816 3392 et
3861 3348 4012 3392 eru-

2486 3422 2628 3505 pite
2665 3422 3040 3507 impugnat.
3069 3411 3126 3506 f)

2888 3613 3151 3678 Patu-
3237 3617 3601 3699 patriae.

2584 3803 2662 3868 In
2687 3804 2910 3870 numis
2941 3803 3035 3865 M.
3069 3805 3328 3881 Aurelii
3366 3807 3458 3870 ad
3493 3807 3775 3873 eundem
3825 3807 4020 3879 huno

2487 3900 2755 3963 titulum
2791 3896 3107 3983 probavi,
3143 3902 3485 3964 Aurelium
3518 3923 3701 3967 anno
3731 3905 4022 3976 demum

2491 3998 2574 4058 V.
2601 3993 2682 4058 C.
2735 4013 2924 4076 930,
2975 3995 3070 4059 ad
3102 3994 3428 4062 summum
3482 4010 3766 4064 exeunte
3821 4017 4014 4068 anno

2494 4106 2634 4169 929
2671 4090 2912 4171 ⁴patris
2965 4092 3231 4171 patriae
3315 4110 3562 4156 nomen
3626 4096 4012 4180 adoptasse.

2493 4181 2721 4264 Quare
2750 4196 2898 4246 toto
2932 4183 3051 4248 illo
3091 4196 3394 4271 tempore
3415 4233 3436 4265 ‚
3488 4208 3624 4273 quo
3649 4189 3730 4257 L.
3751 4195 4015 4256 Verum

2491 4276 2845 4370 conlegam
2896 4278 3186 4360 habuit,
3244 4282 3368 4345 ilio
3421 4286 3678 4364 caruit,
3757 4289 4015 4351 caruit-

875 4436 4026 4477 Μ

1635 4506 1698 4570 b)
1738 4504 1947 4565 Offen.
1980 4504 2074 4555 isto
2291 4509 2345 4564 6.

975 4516 1031 4568 a)
1068 4511 1199 4578 Pag.
1241 4526 1363 4576 9¹3·

910 4585 965 4653 e)
1004 4580 1139 4656 Peg.
1173 4594 1295 4674 ξω.
1333 4594 1423 4634 ιι.
1453 4583 1508 4630 et
1542 4584 1663 4646 258.
1696 4588 1752 4643 3.

1940 4572 1987 4643 f)
2024 4516 2305 4638 BILop'f'
2343 4575 2476 4638 XII·
2517 4576 2783 4654 Memp.
2818 4593 2940 4647 408.

2632 4512 2679 4573 ο)
2715 4513 2770 4564 εει
2807 4512 3076 4574 Diadum.
3111 4534 3162 4578 ot
3197 4522 3250 4577 6.
3525 4517 3587 4587 d)
3620 4517 3753 4589 1²⁸⁸·
3792 4535 4015 4593 essse·
