4242 5459
768 583 958 665 >276

806 771 1010 836 RM.
1055 768 1204 834 TR.
1243 768 1318 835 P.
1353 765 1507 832 XII.
1546 765 1736 834 COS.
1775 765 1895 833 ΙΙΙ.
1946 766 2019 831 P.
2054 767 2131 830 P..
2209 767 2331 832 Im·

790 878 1060 954 perator
1087 867 1432 953 paludatus
1469 867 1531 931 d.
1568 864 1852 949 hastam,
1886 867 1948 949 s.
1979 868 2330 950 par-azoni·

798 988 900 1032 um
924 968 1061 1051 stat
1100 967 1266 1029 inter
1315 965 1470 1028 duos
1496 961 1736 1045 fluvios
1791 958 1960 1025 humi
1995 961 2325 1045 jacentes,

798 1073 858 1128 et
889 1064 969 1129 ab
1027 1063 1338 1127 accedente
1377 1069 1554 1125 retro
1615 1057 1905 1124 Victoria
1956 1068 2324 1124 coronatur.

655 1175 663 1184 ’
793 1161 938 1272 AE.
978 1178 1159 1223 max,
1198 1159 1386 1223 mod.
1422 1152 1625 1242 (Mus.
1667 1175 1806 1241 reg.
1844 1153 2052 1232 Gall.)

1090 1253 1377 1341 Adversa
1415 1256 1671 1318 incerta.

793 1355 871 1417 P.
921 1352 1014 1416 M.
1066 1352 1213 1416 TR.
1251 1352 1326 1413 Ρ.
1368 1350 1517 1418 ΧΠ.
1554 1346 1747 1412 Cos.
1781 1346 1901 1411 111.
1937 1346 2010 1413 Ρ.
2053 1347 2128 1415 Ρ.
2183 1351 2318 1414 Im-

786 1459 1055 1535 perator
1094 1447 1438 1533 paludatus
1480 1448 1547 1511 in
1582 1444 1917 1533 quadrigis
1966 1445 2314 1532 triumpha·

792 1546 977 1613 libus.
1033 1548 1177 1609 AV.
1234 1539 1513 1629 (Vaill.)

889 1645 1188 1729 Vterque
1234 1660 1474 1704 numus
1532 1638 1642 1703 hic
1703 1635 2074 1725 descriptus
2108 1641 2315 1706 decus

791 1762 877 1805 ex
919 1739 1103 1803 bello
1127 1738 1698 1822 Perficopartum
1735 1731 1960 1803 offert.
2017 1740 2312 1801 Alterius

786 1839 994 1912 numi,
1028 1836 1216 1899 aurei
1237 1835 1581 1906 videlicet,
1601 1834 1744 1914 jam
1768 1850 1949 1895 anno
1971 1834 2051 1897 V.
2072 1831 2148 1898 C.
2170 1847 2317 1916 984

782 1935 1104 2014 memini,
1156 1952 1293 2017 quo
1317 1931 1473 1995 loco
1511 1930 1595 1991 de
1648 1928 1843 1992 initio
1878 1927 2038 1992 belli
2070 1931 2317 1995 Persici

788 2030 1157 2117 disputavi.
1206 2027 1582 2091 Exhibetur
1615 2026 1684 2088 in
1720 2024 1860 2088 hoc
1887 2026 2312 2112 triumphuS,

785 2147 987 2213 quem
1016 2128 1100 2190 de
1121 2123 1330 2190 Perl'is
1367 2124 1564 2188 victis
1597 2121 1794 2209 egiss'e'
1822 2122 2314 2201 Alexandrum,

781 2222 1061 2289 testatur
1093 2222 1532 2308 Lampridius
1571 2216 1634 2299 ⁸)
1719 2220 1859 2306 Post
1898 2219 2010 2286 boc
2048 2221 2315 2289 Romam

779 2325 984 2400 venit,
1037 2316 1469 2405 triumphoque
1508 2315 1924 2402 pulcherrimo
1960 2327 2096 2383 acto
2144 2318 2318 2404 apud

762 2421 1049 2509 senatum
1076 2421 1352 2505 priunum
1384 2415 1529 2481 haec
1565 2413 1759 2480 verba
1796 2414 2018 2480 habuit
2057 2426 2170 2480 etc.
2193 2417 2312 2490 ad·

783 2518 922 2596 dit,
974 2516 1359 2580 orationem
1399 2513 1573 2577 hanc
1611 2512 1699 2575 ad
1765 2509 2065 2574 senatu-m
2115 2512 2309 2576 habi·

779 2626 923 2678 tam
977 2613 1088 2676 die
1149 2611 1299 2676 vn.
1354 2609 1645 2674 Kalend.
1682 2605 1932 2669 Octob.
1963 2645 1970 2650 ·
2022 2610 2174 2670 Hoc
2209 2607 2306 2669 di-

778 2711 1013 2775 sertius
1058 2725 1301 2771 numus
1343 2706 1533 2789 prior
1571 2701 1942 2766 Alexandri
1991 2702 2062 2762 in
2125 2701 2304 2765 bello

778 2806 1040 2871 Perfice
1097 2804 1413 2867 virtutem
1468 2797 1863 2883 praedicat,
1935 2796 2097 2858 dum
2158 2799 2214 2859 is
2263 2819 2307 2862 a

1599 559 2442 644 ALEXANDER

2544 559 3177 644 SEVERVS.

2411 778 2742 851 tanquam
2786 756 3116 832 diversum
3151 764 3240 832 ab
3278 766 3432 833 aliis
3466 765 3851 836 sentientem
3861 760 3946 861 ‚¹’)

2414 861 2651 927 Refert
2702 866 2926 941 idem,
3000 882 3265 928 currum
3335 867 3819 965 triumphalem
3897 894 3945 938 a

2414 972 2709 1043 quatuor
2747 962 3128 1046 elephantis
3168 962 3359 1026 fuiss‘e
3403 977 3717 1040 vectum,
3754 968 3811 1048 ⁹)
3866 983 3942 1034 at

2411 1073 2652 1119 numus
2684 1078 2897 1141 equos
2930 1057 3224 1123 exhibet.
3278 1059 3511 1141 Quare
3534 1073 3655 1126 aut
3687 1062 3937 1134 falfi-'um

2406 1153 2688 1218 edoctus
2763 1153 2850 1217 est
2922 1155 3397 1240 Lampridius,
3471 1171 3592 1221 aut
3644 1159 3754 1224 hic
3792 1181 3937 1228 non

2402 1248 2615 1334 ipsum
2648 1251 3109 1340 triumphum,
3163 1252 3271 1314 sed
3304 1252 3517 1317 alium
3552 1258 3935 1340 processum

2402 1347 2577 1411 inter
2607 1349 2778 1412 haec
2812 1348 3110 1412 solennia
3144 1361 3498 1435 peractum
3540 1352 3891 1442 intelligit..

2703 1445 2799 1511 Vt
2836 1446 2930 1511 lit.
2982 1438 3081 1510 A.

2401 1538 3035 1608 LIBERALITAS.
3092 1541 3323 1607 AVG.
3367 1546 3451 1612 V.
3538 1541 3936 1614 Liberalitas

2386 1638 2580 1721 stans.
2631 1641 2779 1706 AV.
2832 1638 3034 1724 (Mus.
3082 1637 3311 1724 Caes.)

2402 1820 2490 1896 B.
2681 1829 2868 1896 1319.
2911 1831 3099 1898 SEV.
3170 1783 3628 1900 ALEXAND.
3704 1835 3924 1908 AVG.

2694 1927 3289 2021 Caputlaureatum.

2397 2021 3031 2091 LIBERALITAS.
3072 2027 3279 2095 AVG.
3322 2032 3405 2096 V.
3486 2029 3668 2096 Idem
3720 2041 3928 2117 typus.

2399 2122 2546 2206 AR.
2582 2121 2800 2206 (Mus.
2825 2120 3045 2206 Caes.)
3098 2123 3203 2188 Est
3232 2123 3539 2194 fabricae
3559 2127 3920 2193 barbarae.

2702 2218 2795 2286 Vt
2843 2213 2936 2283 lit.
2998 2220 3093 2286 A.

2395 2314 3024 2382 LIBERALITAS.
3100 2314 3520 2388 AVGVSTI.
3568 2321 3652 2388 V.
3716 2320 3783 2389 S.
3842 2321 3924 2387 C.

2393 2411 2570 2477 Idem
2606 2424 2811 2498 typus·
2865 2413 2939 2477 In
2991 2413 3191 2478 aliis:
3246 2416 3609 2502 Imperator
3664 2422 3925 2504 congia·

2393 2512 2495 2573 rio
2525 2510 2898 2596 praefidens.
2956 2510 3088 2573 AE.
3128 2510 3179 2577 1.
3232 2513 3432 2596 (Mus.
3473 2512 3700 2595 caes.)

2489 2602 2684 2666 Teste
2708 2605 3112 2688 Lampridio
3150 2597 3207 2684 ἆ)
3251 2611 3640 2674 Alexander
3673 2611 3925 2677 eodem

2393 2698 2503 2760 die
2564 2697 2744 2763 vm.
2803 2701 2961 2769 Kal.
3028 2702 3277 2772 Octob.
3335 2708 3735 2772 concionem
3794 2709 3923 2774 hu

2383 2796 2689 2872 iusmodi
2738 2796 3012 2863 habuit.
3066 2800 3385 2887 Quirites,
3437 2805 3699 2870 vicimus
3751 2807 3924 2873 Per·-

682 2909 686 2913 ’
776 2901 1090 2965 Victoria
1148 2907 1516 2958 coronatus
1587 2895 1658 2955 in
1731 2890 1959 2954 medio
2014 2894 2304 2958 duorum
2368 2891 2522 2974 sas,
2576 2895 2800 2957 milites
2828 2893 3053 2962 divites
3087 2896 3499 2981 reduximus,
3561 2902 3742 2969 vobis
3775 2924 3921 2970 eou-

737 2985 1142 3059 ‘fluviorum
1175 2990 1621 3074 proponitur,
1675 2984 1920 3071 quibus
1985 2988 2303 3101 Mesopo·

773 3090 1042 3168 tamia,
1117 3104 1324 3172 quam
1383 3083 1827 3171 Lampridius
1881 3103 1969 3147 ex
2026 3089 2303 3151 nomine

773 3175 988 3254 terras
1027 3189 1503 3250 interamnanas
1526 3191 1755 3260 vocat,
1797 3181 1937 3260 ejus
1981 3183 2300 3248 nimirum

770 3285 936 3352 belli
972 3282 1316 3348 theatrum
1379 3281 1736 3344 indicatur.
1822 3277 2319 3361 Herodianus,

771 3385 932 3471 qui,
1002 3393 1077 3445 ut
1125 3380 1217 3444 ad
1267 3398 1515 3442 annum
1559 3374 1971 3462 superiorem
2028 3380 2298 3458 monui,

767 3482 1020 3547 multus
1055 3476 1144 3542 est
1181 3477 1257 3540 in
1289 3471 1908 3540 commemorandis
1964 3472 2301 3556 εῑειάὦυε,

766 3591 1052 3668 propter
1089 3594 1259 3661 quas
1283 3573 1613 3637 excedere
1651 3566 2156 3653 Mesopotamia
2190 3591 2298 3636 co·

766 3688 960 3739 actus
983 3670 1072 3736 est
1101 3670 1511 3747 Alexander,
1563 3686 1714 3732 cum
1766 3684 1850 3727 ex
1891 3665 1995 3728 his
2051 3670 2300 3750 numiS,

765 3784 912 3834 tum
954 3764 1335 3831 testimonio
1385 3762 1811 3848 Lampridii,
1863 3762 2294 3851 aliorumque

765 3863 1120 3931 refellitur.
1170 3861 1352 3925 Nam
1400 3860 1442 3922 fi
1497 3859 1781 3923 inferior
1839 3878 1925 3922 ex
1968 3877 2052 3924 eo
2101 3860 2292 3925 -bello

760 3959 1187 4035 discessiss'et,
1239 3956 1593 4043 perspecta
1635 3957 1777 4033 ejus
1815 3953 1881 4016 in
1919 3959 2107 4020 omni
2144 3959 2293 4022 vita

763 4054 1240 4124 moderatione
1274 4072 1357 4117 ac
1404 4052 1810 4138 prudentia,
1863 4072 1997 4116 non
2048 4055 2293 4118 admis-

762 4155 930 4222 niret
983 4150 1360 4233 honore⁸‚'
1393 4151 1508 4233 qui
1569 4146 1866 4213 conferri
1922 4151 2173 4214 nonnisi
2219 4172 2288 4217 re

766 4252 1086 4340 prospere
1137 4241 1315 4332 gesta
1351 4244 1500 4309 tunt
1537 4244 1754 4322 [oliti.
1820 4240 2112 4332 satisque
2168 4246 2287 4312 ha-

765 4348 1008 4412 buiss'et
1037 4341 1456 4408 dissimulare
1501 4344 1864 4425 jacturam.
1901 4342 2291 4428 speciatim

585 4505 593 4512 .
655 4509 660 4514 ,
765 4457 841 4511 et
886 4441 1353 4510 Herodianum
1417 4435 1744 4503 refutavit
1811 4436 2294 4526 Lampridius,

2381 2991 2668 3072 giarium
2697 2989 3090 3074 pollicemur,
3185 3017 3332 3063 cras
3383 2998 3562 3064 ludos
3610 3000 3924 3088 Circenses

2386 3087 2663 3175 Persicos
2710 3087 3016 3156 dabimus.
3070 3090 3152 3154 Et
3188 3094 3421 3177 paullo
3467 3094 3683 3161 infra.
3750 3098 3921 3165 Atia

2382 3185 2487 3248 die
2519 3187 2678 3249 actis
2710 3184 3125 3273 Circensibus,
3175 3199 3256 3253 et
3294 3192 3440 3256 item
3480 3192 3921 3280 ledisscenieis

2380 3268 2664 3367 deinceps
2700 3285 3095 3365 congiarium
3120 3287 3352 3371 populo
3387 3287 3466 3354 R.
3505 3288 3697 3357 dedit.
3766 3290 3913 3354 Nu-

2387 3396 2536 3440 mus
2581 3377 2754 3441 alter
2784 3393 3141 3463 argenteus
3177 3396 3448 3467 praeter
3486 3406 3748 3450 morem
3786 3408 3908 3456 nor-

2385 3494 2541 3540 men
2580 3476 2689 3539 Pii
2721 3475 2787 3537 in
2834 3477 3404 3565 antica10m1tt1t
3456 3494 3524 3546 et
3579 3485 3646 3547 in
3707 3503 3914 3549 aver-

2383 3571 2489 3648 sa,
2544 3571 2729 3654 quod
2778 3574 2846 3635 io
2884 3572 3069 3636 nullo
3110 3573 3334 3646 adhuc
3384 3577 3748 3644 Alexandri
3787 3599 3913 3644 nu·-

2378 3689 2497 3732 mo
2525 3670 2835 3746 adverti,
2889 3667 3159 3734 AVGG.
3193 3691 3321 3757 pro
3350 3673 3550 3742 solito
3573 3674 3780 3745 AVG.
3799 3676 3909 3741 of-

2380 3764 2533 3830 fert.
2588 3765 3191 3831 Animadverfione
3235 3782 3594 3856 utrumque
3621 3769 3908 3860 dignum

2379 3859 2562 3926 foret
2582 3881 2670 3926 *m
2708 3881 2912 3925 numo
2959 3863 3253 3929 consueti
3300 3870 3567 3952 culmo,
3634 3881 3711 3934 at
3741 3885 3913 3934 cum

2379 3957 2719 4024 barbarae
2757 3957 2833 4022 [it
2872 3957 3217 4044 fabricae,
3269 3964 3491 4051 legem
3524 3965 3759 4031 facere
3784 3986 3905 4031 ne·

2378 4057 2549 4140 quit.

2514 4157 2523 4162 “
2725 4149 2809 4216 V·
2859 4152 2925 4220 C·
2956 4171 3119 4242 987
3153 4157 3234 4223 P·
3269 4157 3359 4226 Χ·
3388 4179 3539 4245 234·

2382 4245 2520 4315 TR.
2561 4246 2645 4322 P.
2693 4247 2897 4319 XIII.
2945 4253 3128 4320 COS.
3159 4253 3334 4322 III.
3396 4253 3481 4325 Ρ.
3541 4253 3652 4322 M.
3697 4252 3782 4324 Ρ.
3822 4257 3909 4325 Ρ.

2494 4441 2788 4510 Maximo
2843 4444 2951 4517 II.
3002 4447 3073 4516 C.
3106 4448 3311 4516 Caelio
3354 4447 3623 4518 Vrbem
3656 4452 3774 4540 eq:

1381 4661 1396 4674 ³
1419 4649 1480 4717 b)
1517 4649 1655 4724 Cap.
1695 4669 1786 4721 57.

838 4653 895 4721 Α)
933 4650 1074 4726 Cap.
1105 4654 1196 4724 56.
1975 4651 2026 4713 c)
2058 4648 2104 4738 ⁷l.
2140 4667 2193 4712 c,

2384 4648 2444 4720 d>
2481 4652 2621 4727 0⁸1³·
2652 4673 2774 4728 57·.
