4242 5459
1 3844 4 3889 Ι

966 524 1081 597 Μ.
1180 525 1878 602 AVRELIVS
1960 519 2802 600 *ANTONINVS
2879 559 2884 566 ·
3367 543 3466 602 δι’

311 727 618 814 sociatur
650 745 803 787 cum
865 721 1088 786 Diana
1139 726 1501 790 venatrice.
1598 728 1847 812 Pagius
1898 807 1909 818 .
2027 727 2269 810 Ingens
2327 723 2754 808 prodigium,
2808 735 2875 785 et
2925 724 3214 808 copiosis
3265 742 3453 795 vete-

312 834 866 884 commemorato
890 840 1093 882 numo
1120 820 1332 899 simili,
1385 822 1495 885 sed
1519 844 1670 887 cum
1697 825 1845 889 TR.
1928 842 2079 886 rum
2118 820 2513 906 testimoniis
2570 819 3026 896 celebratum,
3098 822 3255 884 dum
3309 826 3450 889 Ro-

310 919 390 983 P.
436 918 773 992 XXVIII„
828 915 1256 999 inscriptione
1296 918 1592 982 RELIG.
1636 917 1843 986 AVG.
1928 937 2288 982 manorum
2341 917 2674 982 exercitus
2714 933 2758 976 a
2817 915 3082 997 Quadis
3119 917 3443 999 obsessus,

306 1025 383 1075 et
424 1026 594 1098 typo
642 1013 964 1085 Mercurii
999 1013 1231 1075 adludi
1276 1027 1470 1097 putat
1510 1017 1598 1077 ad
1641 1016 1842 1078 mira·
1926 1027 1994 1076 et
2026 1013 2125 1076 fiti
2161 1013 2250 1075 ad
2285 1023 2591 1075 extrema
2638 1011 2965 1074 deductus
3007 1013 3143 1076 leni
3205 1015 3443 1098 pluvia

307 1109 524 1172 bilem
560 1110 749 1171 illam
794 1107 1144 1191 pluviam,
1214 1111 1296 1171 de
1345 1131 1479 1193 quo
1535 1113 1700 1192 mihi
1750 1112 1842 1173 ad
1922 1120 2308 1184 recreatur,
2360 1104 2656 1168 hostibus
2691 1107 2950 1170 interea
2991 1110 3331 1193 procella,
3377 1126 3444 1188 et

304 1225 567 1268 annum
606 1205 991 1289 sequentem
1040 1203 1302 1280 sermo;
1376 1208 1691 1284 nimirum
1740 1220 1837 1268 te·
1919 1203 2279 1269 fulminum
2313 1217 2567 1266 terrore
2605 1201 2955 1287 percuHiS,
3006 1216 3075 1267 et
3117 1206 3444 1288 disjectis,

302 1298 526 1363 fiante
570 1300 921 1384 Xiphilino
965 1319 1051 1362 ex
1115 1300 1360 1380 Dione,
1406 1301 1469 1385 ²)
1525 1304 1837 1366 Marcum
1921 1305 2103 1382 cujus
2168 1299 2340 1362 facti
2401 1299 2804 1360 memoriam
2856 1299 3209 1365 conservat
3247 1323 3439 1393 quo—

301 1398 496 1464 hanc
559 1397 862 1480 pluviam
927 1397 1315 1475 Mercurio,
1388 1402 1573 1478 cujus
1628 1397 1836 1462 cultui
1919 1419 2049 1482 que
2081 1393 2341 1461 exstans
2377 1395 2643 1456 Romae
2685 1392 3007 1458 columna
3053 1375 3308 1461 cochlis
3343 1401 3442 1468 Μ

304 1494 624 1555 addictus
682 1491 951 1570 fuerat,
1039 1507 1396 1577 acceptam
1462 1495 1695 1558 tuliss'e.
1775 1485 1832 1572 ¹²)
1916 1496 2195 1557 Aurelii.
2249 1492 2329 1554 Id
2364 1487 2762 1551 beneficium
2798 1489 3155 1576 scriptores
3190 1494 3442 1559 ethnici

298 1591 701 1673 Perperam.
755 1590 910 1651 Non
944 1590 1119 1652 enim
1158 1603 1388 1653 narrat
1422 1591 1829 1675 xiphilinus,
1914 1587 2436 1653 benevolentiae
2481 1585 2749 1648 suorum
2791 1587 3118 1666 deorum,
3174 1587 3437 1655 Christi-

304 1688 623 1747 Marcum
672 1697 793 1746 aut
827 1686 1172 1747 Mercurio
1228 1686 1583 1768 impensius
1639 1686 1833 1749 fuiss'e
1916 1686 2029 1748 ani
2064 1682 2378 1769 precibus
2413 1680 2699 1766 legionis
2739 1681 3096 1747 Melitenes
3129 1705 3215 1747 ex
3245 1684 3436 1751 Chri-

299 1780 652 1860 deditum,
705 1792 826 1844 aut
861 1782 998 1862 ejus
1045 1780 1380 1843 beneficio
1420 1801 1635 1864 aquas
1677 1802 1827 1846 coe·
1912 1779 2140 1846 stianis
2184 1776 2570 1855 conflatae,
2622 1795 2706 1839 ac
2776 1792 3144 1864 propterea
3208 1785 3439 1847 Fulmi-

296 1873 503 1938 lestes
530 1876 927 1962 imputasse,
979 1877 1091 1940 sed
1131 1888 1367 1944 narrat
1388 1889 1676 1970 tantum,
1708 1876 1826 1943 Ar·
1909 1881 2175 1943 natricis
2207 1878 2431 1940 dictae
2468 1884 2825 1957 acceptum
2857 1875 3116 1955 tulere,
3170 1880 3253 1941 de
3297 1899 3433 1963 quo

296 1972 567 2056 nuphin
626 1973 966 2057 quendam
1032 1993 1308 2058 magum
1387 1976 1825 2058 Aegyptium,
1910 1975 2066 2036 vide
2100 1971 2619 2036 Tillemontium
2664 1969 2975 2054 copiose,
3045 1984 3112 2035 et
3148 1975 3430 2039 adcura—

296 2070 422 2154 qui
469 2087 621 2130 cum
670 2069 913 2130 Marco
954 2081 1121 2146 erat,
1173 2069 1588 2132 Mercurium
1629 2090 1824 2155 prae·
1907 2081 1973 2131 te
2013 2070 2487 2155 disputantem.
2541 2066 2892 2128 Patratum
2934 2063 3436 2148 fuiss'eistud‚ut

291 2165 526 2227 sertim
582 2164 843 2227 aerium
877 2163 1328 2241 invocaviss'e,
1380 2184 1462 2227 ac
1497 2166 1619 2248 pei·
1668 2185 1823 2229 eum
1905 2163 2099 2227 fama
2151 2164 2344 2239 tulit,
2397 2158 2796 2223 miraculum
2828 2181 3007 2226 anno
3062 2166 3433 2249 praesente,

292 2258 610 2345 pluviam
652 2259 964 2326 elicuisse.
1013 2259 1282 2323 Deinde
1311 2261 1656 2324 Mercurio
1698 2262 1822 2330 ho·
1905 2260 2109 2322 docet
2166 2260 2459 2342 primum
2531 2254 2849 2318 Eusebius
2916 2259 2985 2320 in
3043 2259 3429 2338 Chronico.

266 2375 449 2419 rum
482 2375 843 2420 numorum
882 2356 1050 2418 nihil
1095 2356 1222 2419 ess'e
1260 2374 1617 2419 commune
1664 2377 1819 2420 cum
1904 2355 2151 2417 deinde
2183 2351 2599 2437 xiphilinus,
2652 2350 2768 2430 qui
2804 2371 2891 2412 ex
2922 2352 3143 2416 Dione
3197 2355 3427 2434 refert,

289 2471 383 2514 eo
459 2451 737 2535 pluviae
801 2452 1177 2527 miraculo,
1251 2471 1336 2515 eo
1386 2448 1477 2514 est
1534 2451 1815 2516 manife-
1904 2449 2253 2515 Aurelium
2295 2467 2383 2509 ex
2431 2446 2565 2508 hac
2619 2446 2912 2507 victoria
2968 2468 3100 2532 ope
3158 2449 3430 2514 coelesti

288 2544 461 2610 stum
487 2593 510 2622 ,
562 2548 748 2629 quod
780 2547 957 2610 haec
998 2547 1237 2610 aversa
1275 2548 1342 2609 in
1394 2548 1615 2611 numia
1657 2550 1816 2612 anni
1900 2557 2104 2631 parta
2143 2546 2399 2608 dictum
2428 2545 2870 2626 imperatorem
2920 2543 3089 2609 VII.
3130 2543 3191 2625 ⁰)
3294 2546 3428 2610 Sed

284 2642 665 2728 praesentis
705 2641 955 2719 exstat,
1005 2643 1129 2706 illa
1157 2655 1386 2706 autem
1425 2644 1662 2728 pluvia
1698 2664 1814 2708 an·
1900 2655 1968 2705 et
2003 2643 2192 2704 numi
2223 2641 2402 2704 hunc
2434 2638 2701 2702 titulum
2746 2635 2879 2700 hoc
2909 2660 3086 2703 anno
3136 2660 3424 2706 renova-

284 2759 387 2801 no
432 2740 727 2821 primum
767 2738 1081 2822 sequente
1119 2740 1388 2802 cecidit.
1495 2737 1812 2804 Ceterum
1897 2751 2040 2802 tum
2078 2740 2346 2801 docent.
2428 2737 2724 2799 Romam
2762 2738 3122 2801 revertitur
3159 2738 3422 2802 Aureli-

284 2837 483 2898 numi
527 2833 909 2920 praesentes
950 2836 1177 2918 operis
1221 2836 1364 2897 sunt
1418 2837 1812 2921 perelegan-
1895 2855 1972 2898 us
2004 2833 2177 2898 teste.
2199 2852 2428 2898 numo.

283 2933 421 3007 tiz,
464 2927 666 3016 lignis
718 2949 990 3015 quoque
1042 2931 1361 3008 minutia,
1436 2951 1609 3012 quae
1648 2946 1812 2996 nota
2183 2931 2284 2997 M.
2319 2925 2870 2994 ANTONINVS.
2914 2925 3121 2995 AVG.
3149 2929 3297 2997 TR.
3343 2931 3418 3000 P.

283 3026 440 3089 sunt
470 3027 795 3090 Mercurii
838 3026 1205 3102 attributa,
1271 3028 1336 3087 in
1382 3030 1616 3109 templi
1666 3022 1811 3113 epi·
2189 3025 2499 3091 xxvm.
2556 3025 2757 3109 Caput
2813 3023 3184 3092 laureatum.
3245 3059 3248 3062 >

280 3120 484 3204 fiylio
512 3123 721 3183 nitide
755 3121 1086 3205 expressis
1111 3169 1131 3200 ,
1182 3121 1295 3184 sed
1338 3141 1513 3206 quae
1549 3136 1809 3188 tantum
1895 3121 2410 3188 ADVENTVS.
2453 3117 2661 3184 AVG.
2709 3120 2894 3184 IMP.
2929 3122 3045 3185 vl.
3084 3120 3411 3191 COS.111.

280 3220 355 3280 in
432 3219 657 3280 numis
713 3217 981 3303 prorsus
1036 3219 1313 3303 integris
1375 3219 1640 3303 poss'unt
1709 3222 1807 3284 di·
1890 3220 2255 3304 Imperator
2286 3217 2630 3301 paludatus
2663 3216 2725 3282 d.
2754 3214 3024 3302 hastam,
3068 3220 3122 3302 s.
3153 3229 3412 3305 tropae-

276 3313 521 3378 scerni.
1202 3385 1208 3391 ,
1890 3336 1994 3381 um
2027 3318 2224 3403 super
2276 3312 2524 3378 humero
2576 3332 2789 3376 arcum
2842 3313 3273 3400 triumphalem
3318 3318 3412 3382 in·-

814 3455 818 3459 ‡
1031 3408 1063 3442 ¹*
1890 3421 2028 3476 trat
2050 3459 2070 3491 ‚
2114 3409 2491 3496 praecedunt
2553 3408 2675 3472 duo
2729 3407 3037 3475 vexiHarii
3054 3456 3074 3488 ‚
3120 3412 3414 3497 sequitur

580 3503 817 3571 Eadem
856 3504 1133 3590 adversa.
1899 3507 1969 3572 V
1964 3510 2191 3573 istoria
2211 3509 2648 3589 imperatorem
2680 3521 3027 3580 coronans,
3074 3524 3233 3588 pone
3264 3514 3409 3569 tem·
3490 3529 3496 3535 ·

275 3597 528 3666 VICT.
565 3597 849 3666 GERM.
886 3602 1069 3668 [MP.
1108 3601 1225 3668 VI.
1258 3599 1450 3667 COS.
1484 3602 1603 3668 111.
1639 3602 1703 3665 S.
1726 3600 1803 3670 C.
1881 3601 2099 3687 plum,
2151 3610 2212 3666 et
2247 3620 2388 3664 ara.
2444 3599 2581 3672 ΛΕ,
2632 3617 2814 3661 max.
2853 3598 3041 3661 mod.
3089 3597 3303 3683 (Mur.
3324 3600 3411 3664 de

506 3715 822 3762 coronam.
890 3697 1036 3761 ΑΕ.
1099 3698 1403 3764 1.11.1n
1454 3698 1634 3772 alio,
1689 3697 1803 3762 sed
1891 3694 2206 3782 Camps.)

266 3792 365 3856 [in
450 3789 540 3858 8.
594 3790 668 3858 C.
751 3793 1045 3858 Victoria
1095 3796 1165 3857 in
1214 3793 1392 3857 tentis
1443 3794 1797 3880 quadrigis.
1984 3789 2259 3855 Certum
2299 3791 2405 3854 hic
2444 3809 2680 3855 numus
2718 3788 3165 3856 testimonium
3206 3809 3407 3877 prae-

261 3889 413 3953 ΔΕ.
456 3906 644 3956 max.
682 3890 871 3957 mod.
911 3888 1117 3977 (Mus.
1167 3890 1264 3956 M.
1310 3889 1579 3975 Ducis.)
1677 3921 1680 3925 *
1880 3886 2020 3967 bet,
2072 3888 2417 3953 Aurelium
2441 3887 2577 3952 hoc
2605 3907 2783 3952 anno
2818 3889 2886 3954 in
2922 3887 3154 3951 urbem
3178 3908 3400 3952 rever-

1879 3985 2061 4063 sum,
2146 3986 2331 4069 quod
2380 3984 2660 4049 reticent
2708 3982 3028 4068 historici.
3111 3985 3398 4050 Videtur
3519 3962 3546 4006 ‘¹

644 4080 728 4146 V.
761 4080 828 4147 C.
864 4103 1018 4167 927.
1071 4082 1151 4147 P.
1186 4079 1271 4146 X.
1307 4102 1452 4168 ¹74·
1879 4093 2109 4147 tamen
2162 4081 2409 4166 paullo
2448 4077 2594 4166 post
2644 4081 2772 4144 iter
2833 4081 2902 4145 in
2959 4077 3399 4146 Germaniam

312 4175 460 4244 ΤΕ.
514 4176 603 4243 Ρ.
654 4177 996 4245 XXVIII.
1050 4178 1231 4243 COS.
1304 4179 1444 4246 III.
1508 4182 1587 4247 Ρ.
1643 4180 1741 4247 M.
1879 4171 2194 4263 relegisse.

728 4274 932 4339 ΙΜΡ.
985 4273 1109 4340 VI.
1169 4274 1336 4340 VII.
2437 4320 2469 4354 ,
2795 4324 2825 4357 ‚

504 4368 695 4434 Gaffo
712 4416 731 4445 ‚
781 4371 999 4438 Flacco
1037 4371 1401 4440 Corneliano
1434 4374 1544 4460 cos.
2124 4441 2130 4447 ,
2171 4368 2408 4436 Eadem
2441 4367 2718 4456 adversa.

310 4612 377 4676 a)
420 4607 491 4661 L.
533 4606 754 4667 Lxxl.
791 4610 819 4679 ς
858 4620 909 4673 8.
1105 4609 1161 4676 b)
1202 4611 1329 4664 Crit.
1369 4608 1576 4672 Baton,
1612 4610 1687 4664 ad
1725 4630 1858 4666 ann.
1895 4614 1967 4664 V.
2009 4611 2069 4663 C.
2109 4629 2230 4677 927.
2424 4610 2471 4675 e)
2509 4609 2573 4662 L.
2612 4608 2890 4688 LXX125
2937 4630 3019 4673 ιο.
