4242 5459
1659 502 1670 569 ³
1710 558 2097 637 GETA.

447 766 616 830 Inde
652 783 695 825 a
733 762 1059 828 fratribus
1112 762 1464 826 Thebanis
1513 780 1650 826 non
1702 762 1878 824 vidit

245 904 256 917 -
354 863 541 927 erbis
562 863 888 936 atrocius,
937 857 1388 943 funestiusque
1411 856 1707 921 fratrum
1745 858 1873 919 dis-

353 959 624 1021 sidium.
699 956 1116 1020 Alterutrum
1161 954 1392 1018 fratris
1440 955 1671 1040 gladio
1727 972 1876 1038 per·

355 1066 658 1141 emptum
694 1053 778 1114 iri
812 1040 1074 1136 prideni
1103 1049 1236 1114 fuit
1267 1050 1648 1134 praevisum
1683 1068 1876 1134 aper·

353 1162 429 1227 to
471 1149 792 1231 utrinque.
814 1148 978 1211 odio
1003 1194 1027 1223 ‚
1076 1160 1143 1210 et
1166 1143 1528 1210 manifestis
1555 1144 1874 1209 Caracal·

356 1245 468 1308 lae
502 1241 773 1308 insidiis.
856 1243 1124 1304 Tamen
1162 1244 1420 1309 malum
1450 1241 1627 1305 iliud
1645 1287 1680 1317 ‚.
1721 1260 1873 1303 cum

317 1343 498 1424 ,jam
554 1340 991 1403 averruncati
1037 1340 1388 1421 nequiret,
1471 1336 1875 1400 caracallae

357 1438 591 1522 potius
623 1434 828 1518 capiti
849 1482 881 1511 ,
924 1454 1136 1516 quam
1157 1432 1371 1528 Getae
1400 1431 1872 1518 imprecaban-

353 1543 469 1595 tur
491 1549 747 1594 omnes·
799 1531 987 1592 Illius
1007 1528 1294 1614 ferocia,
1345 1543 1413 1594 et
1439 1532 1709 1592 animus
1748 1529 1873 1591 irn-

350 1639 614 1714 potens.
640 1626 904 1709 pridem
950 1628 1297 1711 cognitus,
1367 1640 1444 1692 at
1479 1624 1657 1690 Geta
1715 1623 1874 1688 tesie

350 1721 755 1786 Herodiano
792 1720 853 1803 ¹¹)
905 1722 1269 1808 probitatis
1304 1744 1471 1809 prae
1508 1722 1573 1785 se
1609 1722 1878 1807 opinio·

350 1838 510 1883 nem
567 1815 881 1896 fetebat,
958 1819 1483 1905 moderatusque
1543 1830 1738 1896 erat,
1807 1829 1875 1881 et

349 1914 523 1979 lenis
561 1915 632 1977 in
671 1914 1158 1999 congressibus,
1205 1928 1276 1978 et
1311 1910 1652 1980 clarorhm
1691 1916 1875 1979 viro.

348 2030 501 2073 zum
547 2010 923 2087 societate,
983 2023 1054 2093 et
1089 2012 1394 2095 ingenuis
1443 2011 1872 2074 exercitatio.

347 2106 548 2170 nibus
624 2107 934 2190 apprime
1001 2105 1425 2183 delectatuS,
1480 2124 1873 2189 quanquam

347 2202 753 2285 Spartianus
791 2200 1063 2285 asperos
1100 2202 1257 2264 huic
1310 2221 1581 2286 quoque
1623 2219 1872 2277 mores,

346 2316 485 2360 non
515 2310 750 2360 tamen
791 2298 1042 2380 impios
1082 2297 1390 2378 objiciat.
1419 2287 1476 2374 b)
1544 2296 1769 2379 Quam
1803 2297 1871 2358 in

346 2397 489 2474 ejus
559 2412 833 2475 quoque
890 2391 1058 2455 caesi
1103 2396 1412 2472 amicos,
1480 2405 1547 2457 et
1598 2408 1870 2454 omnem

343 2488 590 2552 aulam
634 2488 960 2553 saevierit.
988 2486 1391 2571 Caracalla,
1444 2489 1587 2574 ipso
1639 2488 1869 2564 etiam,

347 2586 685 2669 corruptis
735 2586 987 2667 ingenti
1052 2586 1342 2668 pecunia
1392 2584 1868 2670 praetorianis,

295 2668 530 2743 ‘hosie
577 2682 934 2764 judicato,
983 2681 1052 2749 in
1102 2682 1244 2761 ejus
1288 2693 1563 2744 moneta
1608 2698 1867 2743 memo-

337 2783 590 2843 natum.
645 2777 732 2840 Et
751 2796 914 2839 vero
937 2774 1372 2860 implacabile
1393 2777 1656 2858 odium,
1682 2778 1870 2859 quod

341 2872 554 2957 sopiri
588 2873 794 2956 vulgo
832 2891 958 2956 per.
976 2884 1262 2934 mortem
1299 2875 1508 2936 etiam
1536 2874 1739 2938 alieni
1769 2873 1866 2936 so·

337 2967 475 3043 let,
525 2969 592 3031 in
633 2966 840 3030 fratre
863 2980 1092 3030 tamen
1135 2968 1430 3046 duravit,
1485 2966 1567 3031 sic
1595 2980 1667 3030 ut
1686 2987 1867 3031 mor-

339 3075 408 3125 te
451 3064 952 3139 multarentur,
1018 3064 1134 3145 qui
1180 3061 1396 3126 Getae
1461 3084 1709 3128 nomen
1756 3065 1870 3129 vel

335 3158 758 3244 scripsissent,
810 3159 924 3222 vel
963 3160 1537 3242 pronunciassent,
1590 3161 1766 3223 adeo
1797 3173 1870 3223 ut

336 3266 596 3340 poetae
632 3254 746 3340 ipsi
774 3266 940 3317 noto
975 3254 1106 3317 hoc
1139 3253 1551 3319 servulorum
1591 3259 1865 3319 nomine

337 3352 676 3435 deinceps
714 3352 812 3413 uti
847 3370 982 3412 non
1024 3351 1368 3413 auderent.
1422 3350 1870 3415 Succensebat

335 3448 552 3509 etiam
598 3446 771 3513 saxis
808 3447 877 3507 in
921 3449 1058 3526 ejus
1099 3443 1390 3530 effigiem
1432 3446 1748 3531 scalptis„
1800 3460 1869 3510 et

333 3556 692 3606 monetam
740 3545 878 3620 eius
917 3542 1210 3626 imagine
1255 3541 1572 3627 signatam
1617 3539 1864 3606 confla·

335 3642 463 3703 vit.
487 3643 540 3716 ⁶)
593 3641 686 3699 At
718 3640 956 3700 inanes
995 3636 1186 3709 fuere
1217 3638 1288 3699 hi
1324 3650 1608 3699 conatus
1634 3683 1654 3711 ‚
1705 3657 1866 3700 nam

335 3745 412 3805 et
443 3731 698 3818 copiosi
737 3731 952 3796 Getae
986 3734 1170 3794 numi
1211 3735 1280 3795 in
1335 3731 1626 3796 nostram
1668 3735 1859 3797 dura·

321 3848 501 3893 vere
551 3841 898 3904 aetatem,
951 3841 1018 3890 et
1070 3828 1452 3914 supererant
1513 3829 1864 3893 simulacra

323 3923 620 3999 fratr-is,
673 3925 917 4007 quibus
965 3926 1374 4011 conspectis,
1419 3924 1458 3985 si
1496 3925 1859 4009 Spartiano

325 4020 549 4097 fides,
596 4010 660 4100 ὃ)
712 4023 778 4082 in
823 4019 1141 4083 lacrimas
1199 4019 1606 4085 solvebatur.
1688 4022 1862 4110 ⁵IJIon

315 4130 560 4180 tamen
608 4113 792 4178 istud,
820 4117 1236 4200 poenitentia
1275 4118 1470 4180 necis·
1490 4115 1859 4195 fraternae,

315 4212 446 4277 fed
492 4213 688 4295 quod.
730 4232 888 4275 reae
945 4212 1390 4277 conscientiae
1452 4211 1649 4277 furiis
1692 4233 1864 4299 ⁸qua-

395 4450 445 4511 ι)
483 4451 554 4500 in.
579 4449 776 4502 Cerae.
1050 4447 1106 4511 b)
1137 4452 1212 4502 in.
1239 4448 1394 4505 Gau
1416 4465 1476 4513 c,
1502 4465 1556 4517 4.

298 4523 368 4590 C)
414 4516 694 4589 Spartinn.
730 4520 788 4570 in
828 4517 969 4572 Geta
1006 4534 1052 4573 Φ,
1088 4535 1158 4588 7..

419 4580 596 4674 0201.-
633 4593 862 4682 VH.)-

1822 4450 1870 4519 ·›
1922 4447 2037 4505 mo
2069 4448 2138 4504 1..
2173 4447 2475 4511 Lxxvn.
2511 4450 2544 4523 ς
2582 4467 2666 4508 η.

3322 581 3462 649 233

1951 773 2245 836 teretur,
2302 771 2377 821 ut
2412 750 2722 820 dixeram
2770 757 2835 818 in
2886 764 3160 818 moneta
3204 751 3293 814 ad
3347 769 3465 815 an.

1952 877 2112 921 num
2162 857 2243 919 V.
2293 855 2367 919 C.
2398 856 2559 935 967.
2612 851 2888 914 Erasum
2932 853 3074 933 ejus
3113 867 3361 912 nomen
3382 868 3468 916 ex

1954 953 2412 1016 monumentis
2472 947 2763 1034 publicis
2824 947 3103 1031 copiosa
3151 941 3472 1009 testantur

1954 1069 2355 1125 marmora,
2417 1064 2499 1108 ac
2550 1043 2914 1128 praecipue
2969 1060 3165 1106 arcus
3238 1040 3473 1107 Severi

1950 1145 2297 1228 hodieque
2344 1144 2608 1204 Romae
2643 1136 2998 1222 superstes,
3050 1147 3127 1201 ut
3165 1139 3471 1201 animad-

1952 1243 2125 1303 verti
2171 1243 2239 1302 in
2278 1236 2639 1302 Caracalla
2675 1235 2777 1297 ad.
2820 1235 2905 1298 V.
2946 1234 3022 1298 C.
3084 1254 3249 1320 957.
3332 1235 3471 1298 Ta-

1951 1357 2105 1400 men
2142 1339 2280 1418 ejus
2306 1334 2507 1399 funus
2556 1331 2878 1407 curatius,
2933 1351 3136 1413 quam
3161 1349 3291 1414 pro
3319 1349 3475 1415 par·

1949 1434 2172 1496 ricida
2234 1431 2511 1505 extulit,
2565 1427 3000 1511 condiditque
3050 1430 3122 1491 in
3164 1428 3282 1490 via
3335 1430 3475 1512 Ap·

1951 1529 2071 1615 pia
2104 1530 2172 1591 in
2228 1527 2530 1611 sepulcro
2575 1522 2827 1601 Severi.
2860 1520 2921 1602 ε)
3504 1540 3509 1545 ·

2050 1626 2245 1691 onr
2291 1622 2478 1687 nulla
2518 1641 2561 1685 a
2594 1616 2938 1684 veteribus
2970 1621 3309 1707 proditur-⁴

2541 1816 2852 1882 Numi:

2046 2011 2263 2093 Hujus
2301 2010 2458 2073 anni
2511 2027 2756 2072 numos
2800 2008 2871 2071 in
2916 2006 3101 2073 nullo
3155 2009 3487 2100 catalago

1947 2108 2216 2191 reperio
2242 2153 2261 2183 ,
2316 2104 2358 2167 si
2403 2103 2842 2168 Mediobarbi
2879 2106 3173 2170 indicem
3209 2108 3473 2189 demae,

1951 2215 2156 2284 atque
2204 2221 2285 2262 ex
2333 2201 2436 2262 his
2480 2203 2775 2283 primus,
2826 2199 3176 2285 inscriptus
3234 2202 3472 2267 LIBE-

1952 2295 2368 2361 RALITAS.
2391 2295 2598 2359 AVG.
2631 2299 2785 2371 V1.‚
2841 2294 2969 2357 sine
2999 2296 3212 2359 dubio
3244 2296 3333 2359 est
3356 2318 3472 2362 an·

1950 2394 2017 2454 ni
2049 2395 2127 2455 Y.
2170 2388 2243 2454 C.
2267 2394 2402 2480 961
2434 2438 2452 2467 ,
2506 2403 2578 2452 ut
2615 2391 2940 2468 vidimus,
2994 2404 3061 2454 et
3098 2394 3472 2457 notandum

1949 2500 2358 2572 praeterea‚.
2385 2505 2427 2548 a
2453 2485 3098 2552 Mediobarbohuic
3126 2508 3330 2551 numo
3354 2509 3471 2553 an·

1948 2587 2183 2659 ticam,
2237 2601 2440 2665 quam
2480 2581 2700 2659 libuit,
2753 2581 3030 2669 adfingi.
3083 2584 3257 2646 Eum
3289 2588 3479 2649 enim

1949 2682 2114 2744 citat
2147 2699 2231 2741 ex
2268 2677 2663 2754 VaillantiO,
2697 2678 3280 2762 quidescribendis
3308 2701 3476 2765 par.

1947 2777 2128 2841 tibus
2169 2775 2405 2837 anticis
2427 2775 2715 2837 fideliter
2732 2773 3036 2843 abstinet.
3090 2775 3280 2838 Alter
3313 2796 3483 2859 cum·

1948 2871 2359 2958 epigraphe:
2415 2869 3006 2937 DLVO.GETAE.
3043 2872 3251 2949 P10,.
3290 2886 3471 2937 certe

1950 2968 2281 3033 confictus
2323 2965 2454 3043 βῆς
2507 2987 2666 3030 nam
2699 2968 2921 3031 adhuc
2958 2972 3097 3049 ejus
3127 2968 3469 3057 consecra·

1949 3067 2003 3128 ti
2039 3083 2285 3128 numos
2329 3065 2625 3146 reperire
2666 3080 2802 3126 non
2856 3063 3071 3131 licuit.
3149 3065 3471 3151 Suspecta

1947 3161 2112 3224 item
2170 3160 2438 3221 videtur
2486 3159 2692 3222 lectio
2731 3159 3057 3224 aliorum:
3107 3161 3470 3236 PONTIF,

1949 3257 2096 3318 ΤΒ.
2132 3254 2206 3318 Ρ.
2249 3253 2403 3317 1111.
2456 3252 2650 3317 COS.
2703 3253 2788 3315 112
2844 3254 3039 3321 DES.
3102 3256 3223 3321 111.
3272 3254 3344 3323 Ρ.
3390 3259 3466 3321 Β.

1944 3351 2265 3413 Nondum
2307 3347 2663 3411 observavi
2696 3367 2937 3411 numos
2974 3348 3192 3413 Getae
3238 3354 3395 3415 inde
3426 3373 3472 3416 a

1949 3447 2166 3528 patris
2196 3457 2411 3507 morte
2455 3444 2791 3527 percussos
2837 3464 2988 3533 cum
3031 3464 3203 3507 voce
3250 3447 3465 3507 PON-

1949 3541 2171 3621 TIF„
2218 3538 2327 3602 etsi
2367 3559 2458 3601 ea
2477 3537 2689 3600 obvia
2722 3537 2795 3600 sit
2845 3541 2915 3601 in
2955 3541 3191 3602 nuruis.
3210 3539 3330 3601 illo
3367 3541 3464 3604 vi-

1946 3648 2151 3700 vente
2178 3634 2461 3719 signatis.
2512 3631 3030 3713 VideturGeta‚
3082 3654 3234 3698 cum
3257 3655 3468 3719 usque
3568 3690 3591 3701 -

1950 3732 2162 3794 modo
2202 3733 2435 3793 unicus
2469 3740 2730 3791 tantum
2754 3727 2961 3792 fuerit
2990 3731 3299 3815 pontifex
3322 3753 3467 3798 ma-

1947 3830 2212 3904 ximus,
2267 3839 2469 3908 atque
2545 3825 2715 3888 haec
2762 3826 3057 3911 dignitas
3116 3830 3204 3891 ad
3261 3849 3475 3895 unum·

1950 3921 2412 4011 Caracallum,
2465 3921 2788 3985 seniorem
2813 3943 3053 4008 nempe
3074 3923 3469 4009 Augustum,

1947 4019 2380 4103 pertinuerit,
2434 4015 2901 4102 pontificatum
2933 4018 3323 4105 simplicem,
3347 4025 3470 4107 qui

1941 4115 2120 4178 solus
2157 4114 2424 4178 debitus
2467 4125 2648 4189 erat,
2701 4112 2967 4200 penitus
3009 4117 3468 4200 dissimulasse,

1949 4230 2033 4297 ne
2068 4213 2135 4275 se
2169 4209 2561 4274 inferiorem
2597 4208 2810 4275 fratre
2863 4212 3130 4296 publice
3182 4215 3471 4300 profiteg

2929 4449 2992 4521 d)
3045 4454 3104 4505 in
3143 4450 3288 4507 Geta
3317 4469 3381 4507 e..
3398 4402 3461 4523 γ’.

2939 4591 3067 4684 Ga
