4242 5459
1199 519 1826 603 CLODIVS
1927 519 2537 602 ALBINVS.

248 723 489 812 poss'et
530 731 958 808 permutatas
1000 724 1357 806 matrices,
1410 742 1478 794 et
1510 748 1660 793 cum
1683 749 1795 795 ca·

249 824 411 907 pite
457 819 692 883 Albini
746 823 1140 901 conjunctas
1193 825 1464 889 aversas
1530 826 1622 888 ad
1680 826 1798 889 Se-

255 936 513 981 verum
563 919 1019 1001 pertinentes,
1065 939 1299 984 verum
1338 922 1406 983 ln
1451 920 1636 985 omni
1681 920 1795 983 Se·

258 1013 415 1077 veri
462 1025 742 1077 moneta
781 1014 948 1076 mihi
994 1017 1263 1099 cognita
1303 1016 1542 1080 ssmiles
1592 1035 1796 1080 aver-

259 1108 377 1173 sae
416 1128 557 1173 non
598 1109 1064 1195 reperiuntur,
1138 1112 1517 1197 mirumque
1574 1111 1794 1191 foret,

264 1225 389 1269 eas
440 1206 511 1267 in
556 1205 790 1269 Severi
832 1207 1054 1268 numia
1095 1206 1487 1292 deperditas
1522 1228 1796 1283 omnes,

264 1314 336 1365 et
366 1301 804 1366 conservatas
843 1311 1109 1365 tantum
1161 1305 1231 1366 in
1265 1305 1483 1368 numis
1534 1304 1798 1381 Albini,

263 1398 361 1462 ad
403 1418 605 1482 quem
644 1417 769 1462 eae
805 1417 945 1461 non
996 1400 1353 1483 pertinent.
1445 1400 1628 1482 Quid
1675 1402 1797 1486 igi-

260 1497 433 1558 tur?
515 1512 605 1557 an
652 1494 912 1580 spurios
977 1495 1202 1558 dicere
1260 1498 1630 1582 expediet?
1684 1496 1795 1578 Is,

266 1609 475 1673 quem
512 1609 598 1652 ex
628 1590 850 1654 museo
870 1587 1203 1655 Caesareo
1225 1592 1558 1677 descripfi,
1604 1590 1797 1655 frau-

264 1687 379 1748 dis
423 1685 787 1769 suspicione
838 1688 1158 1749 immunis
1211 1690 1518 1765 videtur,
1590 1701 1795 1775 atque

262 1780 553 1845 fimilem
583 1784 751 1845 citat
783 1782 989 1845 etiam
1017 1782 1533 1850 Mediobarbus.
1571 1787 1795 1848 Vnum

265 1878 474 1941 addit
508 1876 802 1940 museum
837 1878 1338 1956 Farnelianum.
1412 1881 1545 1946 Res
1567 1882 1794 1966 digna,

266 1974 345 2037 in
379 1993 593 2056 quam
644 1974 984 2056 inquirant
1030 1975 1117 2051 ii,
1190 1974 1433 2058 quibus
1495 1976 1794 2059 locuple·

260 2069 367 2134 tia
406 2068 637 2132 musea
672 2067 935 2154 praesto
977 2070 1139 2135 sunt.
1195 2068 1393 2134 Certe
1431 2073 1545 2154 qui
1590 2071 1746 2135 illos
1771 2119 1793 2150 ,

258 2177 347 2228 ut
380 2163 881 2245 describuntur,
964 2166 1300 2251 explicet,
1367 2179 1436 2230 et
1483 2186 1638 2230 cum
1695 2165 1796 2229 hi-

261 2258 473 2325 storia
532 2261 893 2339 conciliet,
975 2275 1094 2324 aut
1134 2263 1353 2325 nullus
1427 2263 1591 2347 erit,
1676 2274 1796 2325 aut

254 2376 554 2443 magnus
596 2356 872 2442 Apollo,
941 2358 1118 2421 Nam
1178 2356 1292 2420 etsi
1337 2358 1620 2434 demus,
1674 2377 1791 2420 eos

254 2451 558 2538 lignatus
596 2454 669 2516 in
709 2449 979 2532 Gallia,
1055 2465 1125 2516 et
1170 2451 1490 2516 Albinum
1543 2453 1614 2516 in
1663 2453 1792 2515 hos

252 2548 502 2613 titulos
568 2549 857 2633 propria
919 2550 1329 2612 auctoritate
1418 2548 1744 2612 involass'e
1769 2595 1790 2627 ,

256 2640 497 2708 tamen
532 2645 633 2722 is,
686 2644 806 2728 qui
860 2643 921 2707 se
954 2643 1345 2730 pontificem
1391 2644 1790 2729 maximum,

260 2751 341 2802 et
392 2753 659 2824 patrem
701 2741 968 2824 patriae
994 2741 1203 2821 dixit,
1255 2752 1435 2802 certe
1480 2741 1690 2805 etiam
1719 2741 1793 2804 in

260 2837 501 2902 antica
529 2833 898 2923 Augustum
930 2836 1060 2900 sese
1112 2835 1538 2921 appellass'et.

1012 2929 1046 2962 fl

560 3028 755 3092 IMP.
813 2983 1056 3095 ὄΑΕε.
1108 2977 1790 3096 D.*cL0..AL131N.

566 3119 773 3187 AVG.
826 3123 1028 3207 Caput
1062 3123 1434 3188 laureatum.

254 3214 521 3285 VICT.
570 3253 595 3270 -
639 3253 677 3273 -
725 3255 756 3269 ·
807 3216 1002 3282 COS.
1044 3220 1095 3282 1.
1154 3219 1446 3285 Victoria
1469 3220 1668 3283 armis
1691 3221 1788 3282 in·

236 3315 461 3406 sidens
492 3311 557 3380 d.
578 3313 824 3399 palmae
872 3335 1121 3380 ramum
1136 3362 1156 3391 ‚
1183 3316 1242 3402 fl
1303 3313 1571 3398 clypeum
1597 3305 1794 3399 sapei·

250 3431 457 3498 genn.
516 3411 656 3473 AR.
707 3411 913 3496 (Mus.
956 3409 1175 3488 Caes.)

367 3503 505 3570 Hic
550 3524 793 3568 numus
834 3503 927 3569 est
975 3507 1447 3591 integerrimus
1495 3505 1790 3590 demptis

266 3601 546 3684 aliquot
574 3600 789 3665 literis
834 3621 905 3666 το
925 3601 1167 3668 VICT.
1209 3597 1788 3684 consequentibus.

252 3697 461 3763 Male
520 3696 848 3761 cohaeret
881 3709 1166 3783 utraque
1208 3700 1395 3761 numi
1431 3713 1618 3782 pars.
1648 3696 1791 3759 Ἐτ-

252 3793 452 3857 enim
490 3793 725 3856 antica
753 3790 845 3854 est
872 3792 1182 3878 Augusti,
1233 3792 1472 3857 aversa
1509 3804 1792 3877 propter

248 3888 691 3954 consulatum
773 3888 1067 3973 primum
1140 3887 1469 3955 Caesaris,
1589 3885 1791 3951 Credi

242 3985 526 4073 posset,
580 3982 782 4047 binas
823 3986 1139 4048 matrices
1200 3984 1560 4049 monetarii
1609 3983 1791 4047 incu-

240 4083 364 4147 ria
398 4079 589 4145 male
623 4078 818 4142 fuiss'e
852 4083 1256 4167 competitas
1278 4127 1298 4157 ,
1350 4100 1587 4144 verum
1615 4079 1792 4144 hanc

240 4177 577 4244 aversam
623 4176 698 4238 in
746 4174 932 4239 nullo
978 4176 1209 4240 Albini
1282 4177 1503 4239 adhuc
1551 4175 1790 4239 Caesa·

236 4276 343 4339 ris
386 4291 611 4338 numo
662 4271 905 4355 reperi.
957 4271 1294 4355 Scriptum
1317 4271 1509 4336 COS.
1544 4272 1593 4337 1.
1634 4271 1792 4358 legi-

232 4383 356 4436 tur
402 4371 631 4433 etiam
670 4366 743 4429 in
788 4365 1127 4430 nonnullis
1154 4367 1386 4430 Severi
1428 4368 1678 4441 numis.

3292 538 3426 623 165

2161 727 2361 795 Numi
2406 726 2728 793 commatis
2765 730 3115 813 peregrini.

1985 917 2257 987 Vrbiunr
2294 919 2640 986 liberarum
2689 940 2932 984 numos
2982 921 3140 985 Side
3197 921 3397 986 Pam-

1880 1014 2166 1102 phyliae
2192 1064 2213 1094 ,
2264 1029 2331 1079 et
2373 1017 2702 1100 Smyrnae
2725 1016 3012 1103 signatos
3053 1018 3404 1081 conserva-

1880 1113 1985 1175 vit
2009 1111 2458 1195 Vaillantiu3‚
2508 1111 2615 1176 sed
2676 1134 2830 1177 cum
2890 1117 3115 1198 capite
3171 1099 3420 1178 Albini*

1882 1206 2218 1284 Caesaris,
2270 1228 2406 1271 non
2439 1208 2751 1293 Augussi3
2797 1230 2957 1272 nam
2992 1229 3143 1273 cum
3179 1211 3235 1272 is
3263 1209 3404 1294 pri-

1880 1324 2067 1367 mum
2124 1302 2302 1366 hunc
2351 1305 2620 1368 titulum
2669 1307 2968 1388 recepit,
3042 1304 3131 1367 ab
3189 1305 3403 1369 omni-

1881 1399 2007 1463 bus
2047 1401 2446 1484 provinciis,
2502 1402 2782 1486 dempta
2822 1401 3203 1480 Britannia,
3237 1398 3407 1463 Gal-

1879 1494 2014 1573 lia,
2070 1507 2138 1557 et
2171 1492 2542 1559 Germania
2571 1494 2776 1560 hostis
2819 1495 3090 1560 volente
3127 1496 3405 1561 aemulo

1882 1588 2137 1653 Severo
2174 1592 2510 1669 judicatus
2545 1589 2654 1655 est.
3225 1591 3236 1614 ⁸

1979 1686 2377 1753 Coloniarum
2437 1688 2623 1750 numi
2679 1689 2906 1753 adhuc
2967 1687 3217 1772 reperti
3264 1706 3407 1754 non

1879 1781 2065 1862 sunt,
2118 1796 2193 1847 at
2223 1804 2357 1846 non
2400 1795 2763 1869 propterea
2790 1833 2812 1862 ,
2885 1786 3209 1869 quoniam
3243 1832 3263 1864 ,
3331 1797 3411 1849 ut

1880 1881 2100 1942 censet
2133 1881 2583 1957 Vaillantius‚
2638 1881 2971 1964 praesedit
3005 1881 3089 1942 iis
3129 1881 3408 1964 provin-
3463 1903 3476 1911 ·

1879 1976 2043 2051 ciis,
2098 1976 2169 2037 in
2225 1974 2467 2057 quibus
2511 1975 2830 2039 coloniae
2872 1995 3113 2038 numos
3159 1978 3411 2039 cudere
3511 2049 3518 2060 ‚

1879 2088 2017 2132 non
2052 2082 2245 2133 erant
2281 2070 2538 2145 solitae,
2588 2089 2743 2133 nam
2789 2070 3121 2133 habemus
3161 2088 3409 2134 numos

1879 2164 2073 2227 Sides
2112 2177 2180 2227 et
2221 2164 2596 2247 Smyrnae,
2629 2164 2742 2226 etfi
2772 2165 3024 2228 Albino
3052 2184 3406 2248 nunquam

1875 2278 2189 2344 paruere.
2242 2260 2742 2344 Signareigitur
2775 2263 2914 2341 ejus
2946 2259 3240 2342 imagine
3274 2279 3410 2321 nu..

1876 2373 2025 2416 mos
2068 2366 2434 2439 potuerunt
2472 2355 2630 2417 licet
2690 2354 2944 2417 Severo
3013 2351 3406 2431 obnoxiae,

1874 2468 2009 2513 non
2033 2461 2356 2534 tanquam
2394 2448 2683 2533 principi
2726 2448 2868 2525 suo,
2920 2449 3029 2511 sed
3070 2459 3409 2530 tanquam

1872 2545 2018 2623 illi,
2070 2566 2273 2627 quem
2313 2543 2502 2607 fuiss'e
2545 2545 2784 2629 Severi,
2803 2543 3160 2607 Caesarem
3195 2543 3406 2605 diser-

1872 2653 1943 2705 te
1981 2663 2068 2705 ex
2098 2639 2498 2705 Herodiano
2535 2637 2812 2702 testatur
2854 2636 3304 2725 Capitolium,
3333 2635 3404 2719 ⁸)

1873 2738 2193 2802 nimirum
2228 2757 2366 2824 qua
2398 2738 2665 2800 ratione
2701 2735 2934 2798 Aelius
2973 2733 3105 2797 fuit
3149 2732 3403 2797 Caesar

1874 2832 2256 2910 Hadriani,
2310 2832 2619 2895 Aurelius
2665 2833 2883 2895 Verus
2931 2831 3254 2894 Antonini
3290 2827 3401 2892 Pii

1873 2941 2049 3008 οἵα,
2100 2949 2388 3013 quorum
2432 2928 2773 3002 omnium,
2828 2939 2896 2989 et
2930 2928 3207 2990 nomine
3251 2925 3408 3008 qui<

1873 3025 2151 3109 quidem
2200 3022 2555 3103 Caesaris,
2617 3022 2952 3088 habemus
3021 3038 3264 3086 numos
3323 3021 3401 3083 in

1872 3118 2161 3184 coloniis
2207 3139 2481 3204 quoque
2523 3117 2837 3203 signatos,

1970 3212 2343 3282 Antiocheni
2363 3260 2385 3294 ,
2434 3226 2535 3290 ,et
2587 3211 3015 3283 Alexandrini
3069 3215 3236 3279 item
3279 3210 3391 3275 de·

1873 3312 2272 3379 fiderantur.

2159 3503 2546 3579 Nomina,
2646 3518 2734 3563 ac
2830 3497 3097 3563 tituli.

2460 3690 2821 3777 Septimius,

1968 3885 2241 3951 Nomen
2281 3884 2571 3971 Septimii
2609 3886 2678 3948 in
2713 3880 2944 3946 Albini
2977 3891 3252 3948 moneta
3291 3897 3392 3947 re-

1873 3982 2077 4067 liquis
2117 3975 2428 4046 additum
2471 3980 2845 4045 constanter
2885 3979 3147 4064 legitur.
3217 3978 3393 4046 Cum

1876 4097 2126 4142 nomen
2187 4076 2354 4141 istud
2412 4078 2766 4163 proprium
2827 4073 3033 4138 fuerit
3092 4074 3391 4155 Severo,

1878 4174 2141 4261 colligit
2171 4173 2692 4249 Tillemontius,
2739 4158 2796 4248 ¹’)
2851 4171 3169 4235 Albinum
3212 4172 3395 4234 aSe·

1872 4289 2041 4336 vero
2078 4290 2214 4335 non
2254 4270 2462 4333 modo
2498 4272 2751 4333 dictum
2781 4265 2973 4329 fuiss'e
3007 4266 3390 4356 Caesarem,

1875 4367 1987 4431 sed
2021 4368 2230 4431 etiam
2273 4367 2701 4451 adoptatum.
2793 4363 3139 4447 Ingeniose
3194 4361 3410 4431 istud..

226 4497 3367 4535 ww

311 4585 375 4654 a)
412 4583 481 4635 in
518 4573 747 4632 Albino
784 4591 832 4629 ο.
857 4573 919 4628 ἰ.
1110 4572 1170 4643 b)
1209 4577 1268 4629 in
1303 4576 1504 4629 Severo
1540 4594 1668 4649 pag.
1698 4593 1789 4648 3⁰·
