4242 5459
853 581 1005 659 234

815 780 1028 833 retur.
1125 762 1233 827 Est
1267 756 1440 828 haee
1489 754 1926 841 conjectura,
1981 776 2067 820 ex
2118 753 2336 819 subito

805 863 950 929 hoc
983 863 1051 926 in
1099 860 1315 927 Getae
1351 860 1566 923 numis
1599 853 1741 943 post
1773 855 2008 918 Severi
2043 865 2337 916 mortem

819 965 965 1043 ejus
1004 959 1349 1046 dignitatis
1388 954 1697 1039 neglectu
1734 952 1984 1036 petita,
2040 968 2245 1047 quam
2264 949 2335 1011 li·

817 1058 1056 1121 benter
1114 1051 1573 1137 aspernabor,
1641 1068 1798 1112 cum
1837 1048 2131 1133 primum
2186 1046 2338 1127 quis

815 1169 1100 1215 numum
1145 1148 1330 1211 aliud
1367 1147 1723 1231 docentem
1761 1142 2106 1209 obtulerit.
2158 1141 2337 1204 Nam

818 1259 896 1309 ut
928 1246 1126 1329 saepe
1166 1240 1494 1329 professus
1537 1243 1674 1305 sum
1698 1288 1717 1318 ,
1772 1238 1938 1303 nihil
1975 1257 2081 1300 me
2107 1249 2342 1300 movet

819 1344 1017 1407 unius
1052 1338 1492 1403 Mediobarbi
1525 1338 1921 1411 auctorita,
1969 1333 2338 1418 praecipue

813 1458 972 1504 cum
1003 1456 1189 1501 nova
1214 1483 1234 1513 ,
1283 1447 1356 1497 et
1384 1435 1692 1497 inaudita
1738 1429 1979 1496 adfert.
2032 1427 2190 1491 Plus
2224 1430 2344 1490 de-

815 1533 968 1598 fero
1011 1551 1216 1597 numo
1262 1528 1641 1618 postremo:
1693 1530 1843 1593 ΤΚ.
1868 1529 1941 1593 Ρ.
1970 1525 2120 1589 ῙΙΠ.
2145 1522 2337 1588 COS.

813 1631 908 1695 11.
948 1633 1021 1694 P.
1061 1631 1140 1694 Ρ.
1186 1628 1252 1698 3.
1294 1624 1373 1689 C.
1426 1624 1732 1711 Elephas,
1785 1624 1897 1707 qui
1944 1642 1988 1685 a
2045 1621 2340 1703 reliquo-

813 1747 967 1791 rum
1017 1743 1259 1789 norma
1296 1743 1429 1785 non
1464 1722 1770 1785 diss'entit.
1826 1720 1953 1782 Hic
1978 1736 2339 1780 numorum

813 1822 975 1885 trib.
1009 1816 1356 1906 potestatis
1404 1818 1516 1881 IV.
1561 1818 1669 1880 seu
1704 1815 2032 1893 defectus,
2087 1811 2192 1874 seu
2224 1832 2334 1896 pe.

815 1916 1019 1982 nuria
1058 1915 1423 1979 tribuenda
1459 1910 1862 1976 Caracallae
1885 1957 1904 1985 ‚
1958 1912 2072 1993 qui
2103 1907 2337 1971 fratris

813 2023 1164 2076 monetam
1194 2057 1214 2089 ,
1264 2024 1340 2073 ut
1370 2010 1566 2092 [upra
1592 2030 1677 2072 ex
1705 2008 1929 2071 Dione
1957 2006 2339 2081 docuimuS,

687 2144 696 2155 ·
811 2106 1102 2174 conflari
1134 2107 1520 2194 praecepit,
1566 2105 1676 2168 vel
1711 2103 1893 2186 quod
1918 2103 2033 2163 vix
2072 2099 2338 2163 deliba-

811 2217 889 2270 to
928 2203 1272 2269 tribunatu
1309 2204 1426 2265 lv.
1451 2250 1468 2279 ‚
1524 2215 1727 2284 atque
1763 2201 1938 2264 adeo
1981 2197 2336 2272 maturiuS,

812 2322 1024 2387 quam
1057 2301 1127 2363 id
1159 2299 1371 2363 visum
1423 2299 1740 2374 eruditis,
1794 2290 2188 2358 interfectus
2225 2289 2336 2369 est,

811 2401 902 2461 de
932 2416 1066 2481 quo
1101 2396 1426 2460 nonnulla
1466 2396 1536 2457 in
1575 2405 1872 2458 tractatu
1907 2391 1993 2453 de
2027 2388 2185 2453 trib.
2211 2406 2333 2472 po·

799 2490 1047 2559 testate
1088 2492 1372 2558 notabo.

1271 2686 1548 2755 Divus
1649 2683 1878 2749 Geta.

906 2875 1018 2940 De
1064 2896 1148 2938 eo
1192 2878 1582 2939 consecrato
1615 2873 1787 2935 haec
1826 2864 2340 2955 Spartianu322)

818 2971 997 3059 Nam
1023 2966 1354 3060 Bafflaaeu's
1377 3016 1396 3047 ‚
1468 2989 1600 3034 cum
1656 2988 1790 3033 eum
1848 2966 2175 3052 oceidiſjet,
2266 2983 2342 3031 ac

803 3075 1136 3132 verentur
1161 3068 1554 3151 tyrannicam
1594 3086 1673 3130 ex
1697 3063 2043 3148 parricidio
2086 3072 2299 3126 notam
2316 3107 2338 3139 ,

809 3164 1180 3246 audiretque
1204 3208 1223 3239 ‚
1268 3161 1425 3253 poffe
1479 3162 1769 3245 mitigari
1798 3159 2090 3244 facinus,
2147 3160 2202 3245 fi
2236 3158 2339 3222 da·-

810 3280 960 3327 vum
1011 3256 1296 3344 fratrem
1353 3257 1684 3345 appeUaret
1709 3304 1728 3334 ,
1813 3252 2025 3344 dixtffe
2077 3254 2339 3340 fertur:

812 3356 893 3421 fit
921 3356 1166 3439 divuS‚
1216 3357 1378 3419 dum
1428 3352 1698 3419 non-fit
1743 3354 1966 3418 vivuS.
2061 3352 2342 3436 Denique

803 3455 980 3520 inter
1006 3450 1189 3518 divos
1216 3452 1449 3519 retulit.
1551 3450 1738 3514 Sitne
1776 3448 1935 3512 huic
1992 3448 2341 3532 Spartiaui

813 3549 1198 3614 testimonio
1247 3550 1569 3613 continuo
1609 3545 2173 3621 subscribendum,
2221 3545 2337 3608 du-

809 3646 1051 3710 bitem.
1111 3646 1309 3709 Certe
1333 3646 1526 3726 hujus
1564 3641 2083 3705 consecrationis
2120 3660 2339 3725 neque

812 3740 997 3821 Dio,
1047 3761 1264 3824 neque
1289 3740 1745 3815 Herodi-anua,
1798 3739 2111 3822 quamvis
2138 3757 2334 3800 coae-

811 3834 931 3911 vi,
998 3839 1485 3913 meminerunt,
1552 3846 1621 3896 et
1668 3835 1911 3895 mirum
1952 3832 2149 3915 sane,
2221 3833 2337 3915 qui

814 3929 1022 3993 hostis
1049 3931 1385 4011 judicatus
1422 3928 1691 4014 publice
1732 3927 1863 4004 est,
1916 3931 2092 3991 inter
2137 3930 2335 3993 divos

707 4046 716 4057 ·
816 4027 1129 4091 relatum.
1180 4023 1660 4087 Tillemontius
1677 4024 1769 4087 ad
1807 4044 2050 4086 numos
2085 4044 2335 4109 provo·

817 4120 974 4197 ca't,
1030 4121 1141 4184 sed
1184 4119 1429 4183 horum
1498 4119 1749 4183 vadem
1801 4119 2334 4184 Mediobarbum

812 4219 1020 4295 citat,
1069 4218 1188 4302 qui
1224 4227 1452 4279 tamen
1502 4217 1774 4279 unicum
1818 4226 2080 4278 tantum
2109 4215 2182 4277 id
2222 4235 2333 4301 ge·

815 4334 941 4380 nus
997 4316 1209 4390 citat,
1276 4313 1483 4396 idque
1523 4323 1666 4375 tam
1704 4308 2209 4396 perfunctorie,
2262 4323 2336 4374 ut

873 4556 939 4625 a)
974 4555 1034 4608 in
1070 4552 1217 4610 Geta
1251 4566 1298 4607 c.
1334 4565 1389 4611 π.
1562 4545 1618 4614 b)
1657 4546 1848 4605 Doctr.
1886 4557 2058 4616 temp,
2092 4564 2154 4617 p,
2196 4548 2317 4615 267.

2142 552 2608 652 ‚cETA.

2430 752 2587 820 satis
2622 769 3000 842 appareat,
3054 755 3169 823 fibi
3207 757 3425 845 magis
3464 753 3671 823 [imile
3709 764 3979 825 numia·

2430 872 2545 916 ma
2599 846 3088 933 desideratum,
3194 873 3399 940 quam
3504 853 3971 940 conspectum.

2428 950 2750 1026 Accedit,
2800 971 2937 1014 non
2980 950 3236 1015 exstare
3286 970 3562 1015 numum
3605 950 3821 1017 Getae
3861 957 3972 1017 in·

2428 1055 2530 1108 ter
2580 1064 2738 1123 eos,
2795 1050 2908 1132 qui
2948 1048 3013 1109 in
3055 1047 3457 1110 memoriam
3504 1048 3963 1133 Augustorum

2429 1142 2970 1206 consecratorum
3036 1140 3378 1219 Gallieni,
3457 1154 3530 1206 ut
3616 1147 3968 1224 creditur,

2430 1250 2656 1301 aetate
2687 1234 2917 1323 fignati
2944 1238 3121 1320 sunt,
3172 1259 3387 1321 neque
3417 1242 3558 1320 ejus
3588 1239 3729 1302 fieri
3764 1262 3958 1306 men-

2429 1333 2687 1396 tionem
2726 1335 2791 1396 in
2842 1335 3159 1420 catalogo
3201 1336 3513 1397 divorum
3531 1331 3957 1424 {Caesarum,

2429 1447 2631 1512 quem
2680 1430 2990 1516 vulgavit
3023 1432 3419 1495 Bucherius..
3460 1420 3525 1513 ¹')

2706 1620 2913 1690 Numi
2959 1626 3277 1693 mmmatis
3315 1628 3657 1711 peregrini.

2525 1808 2786 1875 Horum
2830 1813 3096 1879 illustris
3130 1816 3219 1878 est
3258 1819 3460 1900 copia
3508 1830 3647 1880 tam
3678 1818 3746 1879 in
3768 1816 3959 1880 urbi·

2424 1903 2554 1969 bus
2599 1898 2868 1987 liberis,
2922 1933 3129 1995 quam
3186 1914 3470 1975 coloniis
3521 1914 3960 1998 [ignatorum.

2426 2004 2760 2089 Aenigma
2794 2007 2993 2072 offert
3031 2011 3125 2089 is,
3178 2029 3379 2093 quem
3433 2010 3566 2074 hoc
3617 2009 3774 2073 loco
3832 2011 3962 2073 de-

2424 2098 2711 2165 scribere
2763 2107 2973 2183 juvat.

2420 2292 2791 2381 Epigvaphe
2825 2295 3144 2381 ambigna.
3217 2297 3418 2383 Caput
3467 2294 3658 2364 Getae
3690 2298 3953 2365 nudum.

2422 2485 2847 2654 {Tltr.)BOV.
2897 2488 3371 2573 Bosgradlens.
3422 2491 3561 2554 ΑΕ.
3598 2491 3682 2554 11.
3734 2491 3954 2577 (Mus.

2485 2601 2565 2644 ae
2594 2629 2611 2644 .

2523 2676 2596 2738 In
2634 2698 2904 2743 numum
2944 2680 3119 2744 hune
3164 2685 3602 2747 commentati
3625 2684 3763 2765 jam
3802 2682 3963 2748 sunt
4069 2700 4081 2707 ·

2423 2769 2730 2855 PatinuS,
2765 2778 2826 2856 e)
2883 2789 2949 2839 et
2980 2779 3393 2841 narduinus.
3428 2769 3493 2860 ¹¹)
3548 2779 3740 2843 Prior
3757 2782 3956 2863 apud

2402 2867 2700 2932 *Stabiae
2750 2870 3176 2956 Campaniae
3227 2893 3503 2937 numum
3566 2874 3953 2960 percuss'um

2424 2963 2663 3031 censet.
2716 2968 3146 3051 Harduinus‚
3198 2971 3419 3033 Patini
3482 2971 3742 3034 dictata
3792 2967 3954 3034 fere

2420 3062 2781 3145 recoquit,
2834 3066 3202 3147 additque,
3269 3068 3594 3129 truncatis
3648 3066 3754 3129 his
3813 3086 3955 3129 vo-

2424 3156 2687 3220 cabulis
2727 3162 2948 3225 notari
2985 3164 3321 3244 geminum
3356 3161 3775 3247 Campaniae
3819 3182 3953 3248 op·

2421 3254 2657 3340 pidum
2701 3253 3010 3332 Stabiae,
3060 3269 3131 3319 et
3178 3257 3472 3323 Bovillas.
3523 3256 3807 3333 Vereor,
3864 3273 3953 3323 ut

2424 3361 2619 3413 vetus
2668 3350 2839 3413 haec
2898 3350 3218 3416 sententia
3279 3340 3490 3416 hodie
3538 3351 3949 3419 satisfaciat.

2424 3443 2747 3509 Constans
2779 3449 2958 3509 enim
3001 3467 3177 3511 nunc
3216 3450 3450 3532 opinio
3486 3446 3614 3525 est,
3666 3468 3752 3512 ex
3788 3469 3949 3532 quo

2423 3543 2680 3605 summa
2716 3544 2811 3606 rei
2836 3546 3509 3631 penesimperatores
3549 3542 3757 3620 stetit,
3800 3544 3950 3609 Ita-

2420 3639 2598 3722 liae,
2650 3659 2786 3722 qua
2825 3652 3050 3723 patet,
3095 3640 3293 3703 urbes
3341 3662 3384 3703 a
3431 3638 3745 3704 feriunda
3787 3660 3958 3704 mo-

2419 3747 2581 3797 neta
2626 3732 3021 3799 abstinuiss'e.
3076 3736 3341 3798 Deinde
3367 3756 3503 3819 quo
3532 3747 3736 3819 pacto
3756 3736 3953 3798 Har-

2421 3832 2703 3909 duinuS,
2755 3831 3063 3895 Bovillas
3124 3830 3545 3915 Campaniae
3604 3830 3957 3915 oppidum

2418 3924 2631 4015 potest
2670 3930 3118 4012 pronunciare
3146 3975 3163 4002 ,
3219 3948 3396 4010 quae
3438 3930 3507 3991 in
3547 3927 3798 4009 Latio,
3867 3943 3955 3994 et

2416 4025 2728 4109 proxime
2754 4025 3045 4085 Romam
3068 4022 3298 4087 stetere
3316 4026 3346 4085 ’ἔ
3381 4024 3787 4087 Vberiorern
3812 4024 3949 4089 ad-

2416 4119 2551 4182 huc
2606 4118 2823 4180 lucem
2906 4119 3245 4182 cimelium
3313 4117 3477 4183 istud
3542 4119 3951 4204 exspectat,

2415 4215 2697 4300 perinde
2731 4233 2813 4277 ac
2855 4218 3037 4277 numi
3081 4215 3305 4279 similis
3341 4204 3746 4302 aenigmatis
3780 4216 3949 4282 AR-

2415 4310 2621 4374 NASI
2658 4309 2770 4372 sub
2810 4311 3251 4375 Treboniano
3297 4312 3612 4396 percussi.

2509 4548 2561 4611 c)
2603 4545 2766 4599 Num.
2804 4548 2993 4621 Impp.
3192 4547 3249 4616 d)
3293 4546 3443 4620 opp.
3484 4545 3578 4633 (cl.
3615 4566 3672 4621 p.
3718 4552 3837 4602 161.
