4242 5459
865 539 951 602 88

862 719 1107 784 eodem
1155 727 1464 802 tempore
1507 714 1848 777 Antonino
1885 731 2019 776 una
2072 731 2223 775 cum
2280 713 2379 779 M.

866 816 1142 881 Aurelio
1183 811 1617 896 adoptandus
1661 809 1949 872 traditus
1985 804 2185 889 est.⁸)
2252 808 2380 870 Fa-

865 925 1045 976 ctum
1084 907 1247 972 istud
1280 912 1362 971 V.
1398 904 1475 969 C.
1516 918 1645 987 89¹
1691 906 1801 968 die
1831 905 2038 968 XXV.
2085 902 2383 966 Februa·

862 1011 971 1073 rii.
1024 1008 1216 1068 Haec
1251 1016 1316 1065 et
1358 1003 1453 1063 M.
1494 1002 1794 1082 Aurelii,
1844 1012 1911 1061 et
1946 999 2022 1064 L.
2070 1000 2234 1061 Veri
2263 1019 2384 1083 per

869 1103 1277 1176 Antoninum
1334 1097 1523 1160 facta
1567 1097 1852 1180 adoptio
1912 1094 2021 1157 etsi
2077 1095 2381 1177 pluribus

866 1201 1037 1261 locis
1074 1216 1113 1259 a
1146 1195 1508 1280 Spartiano
1541 1180 1606 1273 ¹>)
1642 1203 1708 1254 et
1731 1190 2121 1275 Capitolino
2166 1189 2224 1271 c)
2266 1191 2381 1254 ad-

864 1293 1159 1368 seratur,
1225 1290 1430 1352 iidem
1493 1299 1723 1350 tamen
1779 1306 2017 1371 parum
2055 1284 2171 1347 fibi
2222 1304 2381 1348 con·

852 1390 1106 1453 ‘ssantes
1134 1386 1295 1450 alibi
1317 1385 1719 1468 adoptatum
1758 1384 1844 1445 ab
1868 1382 2212 1445 Antonino
2249 1386 2385 1444 Au·

866 1487 1144 1561 reliurn,
1194 1481 1283 1545 ab
1318 1481 1450 1542 hoc
1493 1483 1740 1542 Verum
1799 1489 2033 1561 aperte
2093 1495 2412 1561 pronum.

832 1584 1090 1658 ciant,
1144 1578 1225 1640 fic
1260 1589 1329 1639 ut
1376 1577 1591 1637 Verus
1634 1574 1889 1638 Aurelii
1915 1592 2032 1658 per
2069 1572 2382 1667 adoptio·

866 1698 1020 1741 nem
1059 1676 1234 1738 filius
1272 1673 1428 1735 esset
1470 1670 1857 1745 habendus,
1913 1689 2045 1734 non
2079 1659 2383 1753 frater,‘¹)

858 1788 938 1837 ·et
969 1787 1199 1836 tamen
1230 1789 1348 1853 per
1383 1767 1594 1852 ipsam
1633 1766 2015 1829 orationem
2048 1766 2385 1828 dictorum

866 1875 1304 1932 immemores
1372 1862 1618 1926 fratres
1667 1879 1786 1923 eos
1841 1857 2215 1923 constanter
2263 1880 2379 1945 ap·
2411 1877 2424 1886 ‘

863 1966 1144 2050 pellant.
1244 1961 1610 2023 Enimvero
1666 1976 2093 2020 communem
2143 1954 2386 2016 ambos

867 2080 990 2147 per
1034 2059 1476 2145 adoptionem
1523 2053 1822 2115 habuisse
1877 2065 2140 2135 patrem
2166 2056 2384 2137 *Anto-

865 2159 1095 2222 ninum
1120 2203 1139 2234 ,
1193 2163 1255 2216 et
1294 2155 1424 2214 hac
1458 2149 1601 2233 lege
1638 2146 1828 2210 fuisse
1856 2147 2140 2228 fratrea,
2194 2165 2383 2231 prae-

867 2268 970 2318 ter
1000 2272 1082 2315 ea
1116 2259 1553 2334 argumenta,
1606 2243 1847 2327 quibus
1891 2244 1975 2305 ad
2008 2242 2383 2304 tollendum

865 2351 1044 2414 hunc
1078 2346 1424 2410 diffensum
1476 2343 1682 2402 utitur
1700 2339 2206 2411 Tillemontiu8‚
2244 2357 2384 2399 ma-

865 2444 1107 2509 nifesto
1156 2441 1486 2528 probatur
1536 2457 1620 2499 ex
1684 2453 2023 2498 marmore
2077 2451 2384 2512 coaevo,

871 2543 1053 2624 quod
1117 2539 1333 2601 edidit
1375 2533 1742 2597 Gruterus:
1796 2524 1860 2619 e)
1924 2527 2383 2593 lMP.C-AES.

1705 513 1803 587 L.
1900 509 2514 591 AVRELIV
2547 514 2603 589 S
2703 511 3160 593 VERVS.

2465 713 2803 800 κεραίας.
2914 715 2983 777 S.
3025 711 3304 778 Iustinus
3373 716 3646 801 Mai-tyr
3694 739 4012 789 coaevus»

2469 812 2649 873 Vero
2689 810 2812 873 hos
2858 809 3090 872 titulos
3131 810 3457 895 largitur:
3539 822 3752 896 Λεκιῳ
3813 820 4010 895 φιλο--

2449 908 2650 984 -σοφῳ
2714 910 3024 985 Καισαρος
3071 909 3251 983 Φυσει
3304 898 3453 986 ὖιῳ,
3531 930 3638 978 και
3726 912 3998 992 Euaem-

2471 1002 2787 1081 ἐισποιητῳ
2814 1046 2832 1079 ,
2886 1000 3077 1065 Lucio
3135 1000 3506 1087 Philosopho
3557 1006 3842 1092 Caesaris
3887 1009 3997 1086 (L.

2473 1094 2680 1175 Aelii)
2719 1106 2954 1159 natura
2974 1096 3155 1186 filio,
3205 1107 3263 1161 et
3295 1099 3406 1162 Pis·
3463 1103 3840 1177 (Antonini)
3881 1106 3996 1170 aa-
4101 1091 4134 1102 ·“

2470 1195 2701 1277 optivo.
2753 1183 2816 1272 ιι)
2918 1192 2988 1253 Si
3043 1193 3414 1277 adoptivus
3473 1198 3792 1259 Antonini
3842 1200 3996 1276 Pii,

2472 1307 2632 1372 ergo
2670 1288 2861 1366 hujus
2903 1285 3105 1365 filius,
3161 1302 3226 1350 et
3256 1289 3433 1353 adeo
3477 1293 3728 1354 Aurelii
3753 1290 3996 1361 frater.

2470 1383 2780 1466 Denique
2819 1383 3267 1462 jurisconsulti
3323 1396 3586 1449 veteres
3625 1387 3995 1471 aliquoties

2470 1480 2695 1542 edicta
2728 1477 3014 1542 divorum
3035 1480 3337 1565 flatrum
3372 1486 3789 1561 memorant,
3842 1485 3986 1548 vel-

2470 1588 2544 1637 ut
2575 1574 2941 1660 leianu3‚
2997 1575 3231 1661 (Digg.
3281 1576 3358 1637 L.
3400 1577 3643 1641 xxvi.
3683 1582 3788 1643 tit.
3834 1596 3897 1642 2.
3935 1582 3990 1651 1.

2481 1692 2588 1752 19.
2624 1673 2656 1748 §
2704 1671 2804 1756 1.)
2855 1689 2990 1753 quo
3027 1672 3303 1734 nomine
3341 1685 3597 1737 certum
3644 1672 3733 1736 est
3778 1674 3865 1738 ab
3902 1677 3991 1741 iis

2470 1764 2705 1849 respici
2747 1766 2848 1831 M.
2895 1766 3287 1841 Aurelium,
3341 1778 3409 1829 et
3454 1767 3533 1834 L.
3566 1772 3840 1832 verum.

2568 1861 2970 1925 Translatus
3042 1881 3202 1946 ergo
3256 1862 3320 1924 in
3366 1860 3707 1926 familiam
3770 1868 3994 1930 Anto-

2472 1957 2611 2019 nini
2651 1969 2797 2020 toto
2849 1969 3194 2041 tempore,
3268 1977 3401 2039 quo
3459 1959 3571 2021 hic
3627 1962 3988 2045 imperium

2471 2054 2720 2128 tenuit,
2775 2053 2843 2115 in
2891 2054 3141 2137 privati
3188 2053 3463 2115 modum
3519 2056 3729 2133 vixit,
3801 2057 3990 2121 nullo

2474 2148 2753 2237 Caesaris
2788 2160 2906 2212 aut
2943 2146 3180 2224 titulo,
3233 2161 3350 2210 aut
3392 2149 3649 2212 honore
3708 2165 3993 2237 propter

2469 2243 2714 2327 aperta
2741 2245 2925 2306 vitae
2953 2241 3444 2306 immoderatae
3480 2245 3733 2308 indicia
3763 2293 3783 2324 ,
3833 2261 3994 2310 tan-

2467 2353 2611 2403 tum
2666 2340 2849 2422 quod
2913 2335 3179 2423 Augusta·
3228 2337 3407 2427 filius
3469 2339 3872 2408 rocabatur.
3923 2342 3988 2426 ἱ)

2469 2439 2549 2501 V.
2590 2433 2668 2498 C.
2701 2436 2838 2518 906
2886 2430 3308 2517 quaesturam
3372 2434 3631 2518 obivit,
3704 2449 3773 2501 et
3822 2458 3992 2506 mox

2470 2549 2648 2594 anno
2687 2530 2999 2613 sequente
3027 2547 3167 2610 907
3207 2531 3646 2594 consulatum.
3670 2526 3728 2610 ¹)
3781 2534 3994 2597 Inter-

868 2626 1087 2700 mvi.
1146 2627 1623 2696 ANTONINI.
1681 2624 1759 2686 F.
1820 2624 2035 2687 DIVI.
2102 2623 2382 2687 LVDII.
2464 2627 2660 2708 jectis
2697 2628 2890 2689 annis
2944 2624 3094 2695 vn,
3134 2624 3279 2710 ipso
3333 2646 3513 2690 anno
3548 2629 3990 2695 Varroniano

866 2731 1253 2817 (legendum
1285 2727 1365 2792 L.
1420 2717 1691 2802 VERI.)
1744 2716 2076 2780 PARTH.
2117 2716 2383 2778 MAXI-

872 2827 1006 2889 Ml.
1056 2821 1416 2885 FRATRI.
1458 2828 1585 2878 etc.
1688 2814 1927 2875 Frater
1993 2812 2202 2874 etiam
2265 2831 2428 2896 ap..-

868 2919 1163 3003 pellatur
1199 2920 1412 2978 Verus
1438 2914 1519 2973 in
1556 2927 1899 2971 marmore
1929 2897 2382 2988 Muratorii.f)

872 3017 952 3080 In
1012 3012 1245 3097 infigni
1300 2997 1439 3073 alio
1483 3024 1824 3070 marmore
1872 3003 2281 3066 Gruteriano
2315 3002 2379 3083 8)

872 3114 1128 3186 Verus»,
1198 3107 1475 3192 perinde
1530 3121 1613 3166 ac
1670 3104 1737 3164 in
1804 3099 1957 3163 aliis
2025 3099 2379 3176 Aurelian,

877 3208 1119 3270 dicitur
1153 3205 1244 3273 D.
1281 3203 1447 3267 Ant.
1493 3200 1605 3265 Pis·
1641 3197 1858 3287 filium,
1931 3196 2019 3264 D.
2057 3194 2400 3281 Hadriani·

2473 2733 2659 2802 914,
2712 2741 2847 2806 quo
2891 2720 3070 2782 diem
3100 2719 3319 2785 obivit
3357 2725 3779 2800 Antonione,
3832 2744 3992 2790 cum

2469 2812 2681 2879 fratre
2724 2815 2999 2881 Aurelio
3025 2817 3345 2898 processit
3367 2817 3593 2880 consul
3619 2820 3706 2883 11.
3743 2820 3991 2886 confir-

2472 2924 2698 2975 mante
2745 2910 2916 2975 istud
2983 2930 3328 2974 marmore
3403 2911 3850 2993 Gruteriano,
3928 2913 3991 2998 ¹)

2471 3008 2657 3091 quod
2708 3009 3031 3092 quoniam
3097 3008 3258 3071 Veri
3292 3009 3524 3072 titulos
3569 3028 3651 3073 ac
3704 3011 3994 3077 nomina

2470 3101 2804 3188 postremo
2858 3116 3167 3187 tempore
3219 3107 3358 3186 ejus
3414 3107 3601 3170 vitae
3667 3106 3992 3192 privatae

2471 3202 2810 3279 continet,
2862 3199 2975 3262 hic
3010 3218 3327 3283 appono:

1160 3394 1259 3459 M.
1292 3389 1585 3458 AELIO.
1624 3386 2049 3452 AVRELIO.
2101 3386 2372 3453 VERO.
2411 3386 2837 3456 CAESARE.
2874 3390 2996 3453 111.
3189 3437 3211 3456 .

1160 3495 1237 3556 L.
1282 3488 1571 3554 AELlO.
1614 3485 2034 3549 AVRELIO.
2079 3483 2581 3551 COMMODO.
2619 3487 2702 3550 11.

3046 3435 3235 3502 Coe.

1159 3591 1235 3654 B.
1272 3588 1358 3652 R.
1396 3584 1470 3651 C.
1501 3582 1709 3647 ANN.
1754 3575 2245 3644 Decccxm.
2278 3601 2522 3669 nempe
2560 3601 2606 3645 a
2649 3582 2989 3648 Parilibus
3038 3582 3196 3646 anni
3232 3581 3638 3667 superioria..

1237 3776 1323 3842 V.
1362 3776 1428 3840 C.
1470 3793 1592 3857 914
1641 3774 1716 3836 Ρ.
1763 3772 1851 3839 Χ.
1891 3776 2020 3838 161.

963 3869 1341 3944 CAESAR.
1392 3867 1939 4029 ACIZZVhl'iVS.
1999 3867 2135 3932 ΤΗ.
2200 3869 2279 3934 Ρ.

2460 3774 2596 3837 sule
2622 3773 2741 3839 111.
2791 3775 3067 3840 Mortuo
3100 3767 3366 3839 circiter
3400 3752 3585 3839 diem
3623 3778 3993 3844 VILMar·

2459 3871 2541 3934 tii
2583 3872 2922 3933 Antonino
2962 3873 3085 3936 Pio
3121 3869 3349 3934 fratris
3388 3871 3717 3940 beneficio
3757 3875 3994 3940 conle-

2460 3985 2548 4052 ga
2584 3966 2852 4050 imperii
2904 3966 3285 4031 adsciscitur
3319 3966 3587 4032 collatis
3629 3987 3767 4032 uno
3814 3981 3992 4036 tem·

964 4065 1289 4131 Kalendis
1355 4060 1691 4125 Ianuariis
1777 4058 2023 4122 adhuc·
2067 4061 2378 4148 privatus
2461 4080 2628 4146 pore
2701 4061 3018 4148 Caesaris,
3087 4073 3154 4128 et
3208 4062 3480 4147 Augtfii
3521 4064 3784 4144 titulis,
3832 4077 3991 4130 tum

866 4162 1089 4229 consul
1110 4164 1346 4225 iterum
1378 4157 1683 4243 procedit
1707 4154 1968 4240 collega
1989 4153 2201 4218 fratre
2223 4173 2376 4219 con·
2459 4154 2613 4218 trib.
2674 4157 3041 4240 potestate,
3108 4170 3176 4219 et
3217 4159 3744 4241 proconsulatu,
3811 4162 3992 4226 item

935 4377 994 4439 a)
1028 4336 1302 4456 spartian.
1340 4374 1401 4421 in
1436 4366 1596 4420 Aelio
1634 4382 1684 4417 e.
1722 4382 1774 4430 7.

862 4516 910 4580 g)
952 4513 1083 4579 Pag.
1121 4519 1241 4582 ‘²58-
1282 4526 1333 4562 ι’.
1572 4502 1631 4570 h)
1671 4500 1914 4575 Apolog.
1948 4499 2007 4557 1..
2035 4500 2208 4551 initio.
2328 4572 2332 4576 .

864 4588 899 4646 l)
938 4582 1070 4652 Peg.
1105 4595 1227 4647 300.
1272 4597 1315 4629 ι.

2001 4361 2061 4423 b)
2096 4365 2157 4413 in
2189 4362 2360 4416 Aelio
2387 4381 2435 4421 e.

862 4449 921 4498 in
964 4443 1120 4496 Aelio
1158 4457 1202 4492 c.
1238 4458 1293 4509 5.
1366 4436 1660 4512 Capitolin.
1697 4436 1755 4484 in
1793 4428 1981 4482 Aurei.
2019 4447 2063 4481 c.
2096 4449 2154 4498 5.
2191 4440 2245 4484 et
2279 4434 2336 4484 'm
2373 4432 2519 4487 Vero
2558 4452 2602 4488 c.
2641 4451 2693 4492 α,

2476 4381 2528 4423 2,
2755 4369 2806 4435 e)
2844 4371 2902 4419 in
2936 4369 3219 4421 Antonino
3257 4386 3303 4422 e.
3340 4385 3395 4440 4,
3589 4365 3655 4430 d)
3694 4366 3996 4440 spartian.

2853 4437 2909 4502 e)
2945 4435 3078 4505 Pag.
3120 4454 3204 4504 29.
3247 4455 3324 4507 ¹3·
3483 4437 3524 4505 f)
3563 4436 3692 4506 Pag.
3735 4453 3894 4490 1221.
3933 4455 3998 4505 7.

2473 4503 2516 4566 i)
2551 4503 2852 4573 capitolin.
2887 4508 2955 4557 in·
2981 4504 3130 4560 Veto
3156 4523 3213 4562 e.
3247 4524 3314 4584 3..
3567 4505 3628 4575 Κ)
3661 4503 3813 4559 ibid.
3857 4505 3898 4560 1.
3935 4521 4000 4567 e.
