4242 5459
1471 537 2185 626 'PHILIPPVS
2286 485 2381 621 11'-
2496 532 2511 540 ·

354 747 425 813 Ρ.
463 747 562 812 Μ.
600 729 749 813 TR'.
783 750 854 815 Ρ.
899 748 1017 814 v1.
1064 747 1254 817 cos,
1293 754 1365 818 P.
1393 755 1465 817 P.
1537 753 1661 822 Lm
1697 758 1870 839 capi-

3350 581 3489 646 335

1954 749 2029 818 C.
2077 769 2281 825 ιοοο,
2332 748 2577 813 deinde
2624 767 2789 810 1001
2808 745 3266 836 ,·-conspirant
3302 750 3476 821 fasti.

325 853 410 908 te
449 844 708 910 radiato
744 847 1071 931 gradiens.
1132 847 1207 908 In
1259 849 1453 914 aliis:
1509 852 1873 934 Imperator
1954 847 2306 931 Singulare
2357 843 2445 908 est
2496 844 3046 908 tetradachmum
3114 849 3477 916 Antioche·

341 940 587 1007 velatus
600 943 783 1027 stans
818 943 906 1007 ad
943 963 1133 1008 aram
1169 942 1234 1007 d.
1283 956 1613 1030 pateram,
1647 949 1706 1034 s
1735 947 1868 1033 fiti-

321 1040 603 1120 pionem.
645 1038 720 1100 In
765 1037 956 1101 aliis.
1010 1041 1242 1104 Mulier
1263 1045 1445 1130 stans
1492 1043 1556 1107 d.
1613 1043 1868 1109 caduce-

339 1152 489 1209 um,
524 1136 585 1221 s.
622 1137 1049 1218 cornucopiae.
1097 1138 1240 1201 AR.
1294 1139 1491 1215 (Mus.
1529 1139 1743 1216 Caes.)

1956 964 2116 1008 num
2169 942 2374 1008 musei
2414 939 2751 1005 Caesarei.

2246 1038 3474 1110 MAP.10TA1.<1›1A111HOC.KC-

2246 1135 2432 1199 CAP.
2473 1132 2618 1218 (fic)
2674 1134 2880 1217 Caput
2909 1133 3258 1202 radiatum.

436 1231 738 1294 Easdem
786 1231 1056 1294 aversas
1114 1233 1187 1295 in
1239 1225 1456 1297 numis
1507 1238 1722 1321 patris
1773 1237 1866 1298 ad
1952 1232 2343 1296 AHMAPX.
2385 1230 3190 1297 ΕΞΟΤΕΙΑΕ.ΤΠΑΤΟ.
3220 1237 3288 1298 Γ.
3323 1240 3472 1301 AN-

335 1328 629 1391 eundem
668 1346 917 1390 annum
957 1329 1323 1414 descriptas
1363 1332 1682 1396 vidimus.
1749 1332 1863 1395 Vi-

335 1424 427 1485 de
478 1424 563 1486 de
599 1422 705 1487 his
737 1422 936 1507 plura
973 1425 1043 1487 in
1074 1438 1369 1491 tractatu
1410 1428 1495 1491 de
1542 1429 1702 1495 trib.
1741 1447 1862 1514 po-

336 1516 595 1584 testate.

824 1714 1077 1779 Numi
1172 1717 1398 1801 vagi.

430 1906 594 1970 Sunt
625 1903 736 1981 hi,
792 1925 879 1968 ex
918 1926 1054 1989 quo
1115 1904 1425 1993 Augustus
1469 1908 1685 1972 dictus
1744 1907 1857 1984 est,

236 2049 245 2065 .
333 2004 655 2083 ejusdem
689 2021 840 2072 cum
891 2004 1113 2064 numis
1176 2005 1391 2087 patris
1453 2008 1855 2090 argumenti.

331 2098 562 2180 Quare
600 2118 751 2161 cum
805 2099 896 2160 ad
937 2097 1288 2180 historiam
1344 2098 1511 2161 nihil
1563 2102 1856 2184 amplius

325 2193 714 2271 conferant,
720 2193 808 2257 ab
827 2194 934 2256 his
953 2171 1405 2257 describendis
1426 2193 1858 2262 abstinemus.

606 2388 806 2453 Numi
853 2388 1178 2452 commatis
1205 2389 1569 2476 peregrini.

427 2580 519 2641 Vt
567 2577 864 2667 Philippi
933 2581 1193 2667 patris,
1261 2545 1362 2644 ita
1421 2579 1539 2644 filii
1583 2597 1855 2665 quoque

1951 1330 2291 1393 TIOXIA.
2346 1327 2410 1389 S.
2440 1323 2517 1389 C.
2569 1325 2813 1411 Aquita
2837 1329 3044 1414 flans.

2046 1423 2219 1487 Cum
2267 1421 2618 1507 Philippus
2650 1425 2791 1503 jun.
2834 1443 3176 1507 nunquam
3204 1428 3477 1510 proces-

1947 1521 2106 1584 serit
2141 1518 2370 1584 consul
2403 1518 2521 1582 111.
2553 1565 2573 1594 ‚
2628 1532 2882 1582 certum
2918 1519 3039 1597 est,
3096 1541 3138 1582 a
3168 1537 3472 1594 moneta·

1943 1620 2054 1680 rio
2105 1616 2410 1680 aversam
2448 1615 2662 1699 patris
2708 1627 3025 1679 monetae
3069 1615 3471 1684 destinatam

1946 1712 2070 1776 filii
2121 1731 2327 1776 numo
2372 1708 2563 1774 fuiss'e
2618 1712 3063 1797 applicatam.
3153 1713 3471 1779 Ceterum

1945 1808 2104 1875 satis
2126 1814 2271 1892 jam
2308 1807 2631 1884 vidimus,
2680 1805 2934 1893 in‘ipiis
2967 1809 3185 1871 numis
3202 1811 3470 1876 Roma·

1944 1908 2048 1969 nis
2120 1920 2263 1971 tam
2322 1903 2746 1982 consulatuS,
2823 1924 3027 1986 quam
3088 1905 3469 1971 tribunatus

1944 2005 2160 2086 patris
2204 2001 2344 2065 filio
2385 1997 2577 2061 suitre
2618 1999 3030 2084 applicatos.
3087 1999 3366 2065 Exstant
3399 2004 3472 2066 in

1945 2096 2170 2160 museo
2232 2095 2566 2159 Caesareo
2624 2097 2811 2156 numi
2877 2093 3119 2157 similes
3172 2097 3472 2184 Philippi
3605 2163 3613 2172 ,

1943 2196 2159 2306 patris
2191 2241 2210 2271 ,
2264 2204 2329 2253 et
2364 2190 2487 2252 filii
2516 2192 2657 2267 jam
2697 2187 2969 2274 Augusti
3001 2193 3277 2253 omnino
3308 2205 3468 2275 treS,

1940 2295 2009 2353 in
2050 2289 2293 2372 quibus
2348 2285 2419 2348 hi
2467 2284 2701 2368 palam
2756 2286 3068 2347 dicuntur
3118 2288 3469 2353 TnATO.

1944 2390 2038 2467 Δ,
2081 2404 2234 2447 cum
2260 2395 2491 2444 tamen
2506 2399 2726 2461 neque
2752 2393 2946 2463 pater
2968 2380 3230 2466 saepius
3260 2402 3468 2464 quam

1931 2493 2044 2545 ter
2069 2478 2476 2566 processerit.
2529 2476 2606 2537 In
2628 2496 2909 2539 numero
2930 2473 3308 2540 consulatus
3342 2499 3468 2563 pa-

1939 2578 2111 2641 terni
2175 2577 2291 2639 lV.
2335 2573 2524 2637 fuiffe
2567 2571 2921 2655 pecatum,
2989 2575 3130 2654 jam
3169 2575 3467 2639 diximus

325 2677 468 2737 riou
533 2674 992 2761 infrequentes
1054 2678 1394 2742 habentur
1458 2680 1645 2742 numi
1697 2678 1856 2740 huic
1937 2676 2005 2738 in
2052 2672 2370 2757 Philippo
2412 2679 2644 2755 patre,
2694 2668 3066 2732 translatos
3105 2670 3350 2732 deinde
3394 2673 3465 2734 in

323 2769 525 2834 classi
558 2771 856 2856 subjecti.

912 2964 1033 3035 No
1054 2968 1292 3072 minua.

313 3174 324 3179 ·
425 3151 688 3224 Habuit
742 3158 912 3224 haec
976 3181 1129 3224 oum
1177 3173 1374 3246 patre
1442 3161 1851 3224 communia.

315 3264 513 3326 Vnus
551 3257 793 3320 Victor
831 3256 1005 3320 alter
1042 3278 1195 3321 eum
1234 3255 1300 3323 C.
1341 3257 1573 3321 Iulium
1616 3256 1849 3321 Satur·
1896 3256 1900 3260 ’

313 3361 545 3422 minum
601 3354 853 3415 dictum
894 3353 1102 3417 refert
1127 3354 1313 3417 nullo
1356 3355 1496 3417 alio
1549 3349 1851 3434 adstipu-

311 3453 534 3517 Jante.
614 3450 949 3511 Vocatum
997 3471 1150 3514 eum
1207 3468 1476 3534 quoque
1525 3450 1851 3514 Get-mam-

315 3570 457 3614 cum
493 3543 688 3612 Max.
724 3558 791 3607 et
829 3546 1155 3630 Carpicum
1200 3549 1435 3623 Max..
1489 3546 1690 3608 docet
1733 3563 1850 3606 nu-

229 3677 248 3683 ·
300 3656 515 3720 'mus3
572 3633 773 3726 quem
823 3644 893 3705 in
929 3643 1245 3729 Philippo
1287 3644 1414 3705 sen.
1458 3642 1547 3705 ad
1599 3650 1847 3704 annum

331 3760 538 3804 1001.
574 3741 755 3804 dedi.

422 3835 726 3912 Sevmw,
780 3855 1025 3923 nempe
1065 3838 1269 3900 ducto
1319 3834 1589 3897 nomine
1626 3854 1668 3896 a
1703 3852 1850 3895 rna-

315 3946 428 3995 tre
453 3933 746 3995 Otacilia
777 3932 1052 4010 Severa,
1106 3935 1389 3998 dicitur
1373 3953 1440 3996 ln
1460 3932 1676 3995 numis
1693 3931 1849 3994 Per·

311 4049 442 4116 ges
461 4030 956 4115 Pamphyliae.
1010 4032 1073 4114 ³)

917 4225 1015 4292 Co
1039 4225 1190 4312 usu
1212 4221 1259 4291 l.

412 4415 533 4479 Bis
569 4401 964 4503 processisse
1015 4415 1349 4482 consulem
1379 4463 1398 4495 ,
1449 4413 1744 4503 primum
1769 4415 1852 4479 V.

1936 2782 2286 2835 monetam
2329 2766 2449 2830 filii
2488 2777 2695 2847 typos
2729 2773 3063 2850 paternos
3092 2766 3185 2827 nil
3220 2767 3465 2829 mirum

1935 2867 2279 2943 videatur,
2334 2861 2609 2950 quando
2652 2880 2772 2924 eos
2807 2861 2939 2923 hac
2967 2873 3191 2924 aetate
3228 2864 3466 2925 Antio-

1928 2964 2132 3027 ·cheni
2174 2981 2327 3024 cum
2367 2959 2520 3045 ipsis
2554 2957 2886 3021 uxoribus
2922 2957 3467 3021 communicave-

1936 3080 2053 3146 re,
2103 3071 2179 3121 ut
2251 3059 2507 3121 dictum
2570 3054 2640 3116 in
2695 3065 2977 3119 moneta
3034 3052 3464 3118 Antiochiae.

2469 3246 2937 3335 Augustus

2030 3440 2397 3528 Augustum
2442 3437 2635 3503 fuisse
2682 3435 3101 3522 appellatum
3145 3453 3325 3495 anno
3383 3438 3465 3496 V.

1936 3538 2012 3602 C.
2054 3554 2290 3619 1000,
2361 3538 2562 3598 docet
2597 3533 2835 3596 tabula
2874 3547 3093 3591 aenea
3130 3527 3469 3590 Mutinen

1934 3634 2052 3714 fis,
2108 3654 2313 3718 quam
2360 3628 2692 3715 copiofius
2729 3629 2797 3689 in
2847 3634 3141 3692 tractatu
3183 3622 3266 3686 de
3306 3623 3463 3686 trib.

1932 3728 2266 3819 potestate
2292 3721 2406 3792 rub
2437 3725 2755 3810 Philippo
2800 3723 2852 3785 I.
2892 3719 3291 3785 describam.
3342 3720 3471 3782 Ex-

1937 3841 2140 3893 arata
2185 3825 2273 3890 est
2315 3826 2488 3890 haec
2541 3823 2652 3885 die
2689 3823 2831 3887 VII.
2899 3817 3194 3880 Ianuarii
3246 3818 3327 3879 V.
3394 3816 3469 3882 C.

1947 3946 2177 4000 1001,
2233 3923 2612 4004 diciturque
2672 3930 2817 3981 tum
2879 3915 3235 3998 Philippus
3292 3912 3468 3975 filius

2083 4018 2292 4085 AVG.
2324 4021 2395 4084 P.
2432 4019 2531 4082 M.
2568 4015 2718 4080 TR.
2760 4015 2832 4078 Ρ.
2878 4012 2965 4073 11.
3005 4009 3193 4073 COS.
3234 4009 3320 4072 11.

1936 4121 2160 4208 Ergo
2166 4116 2520 4181 secundum
2569 4114 2906 4175 rationem
2961 4107 3190 4169 iterati
3250 4107 3473 4169 tribu·
3530 4187 3545 4194 ,

1937 4229 2138 4281 natus
2167 4214 2321 4277 trib.
2355 4207 2752 4298 potestatem
2790 4225 2933 4268 non
2964 4202 3232 4287 accepit
3268 4202 3467 4264 citius
3538 4259 3545 4264 ,

1940 4331 2119 4377 anno
2146 4312 2319 4374 hunc
2352 4305 2827 4394 praecedente,
2882 4313 2989 4382 et,
3045 4298 3227 4384 quod
3255 4296 3468 4381 sequi·

1939 4423 2085 4487 tur,
2139 4427 2357 4490 neque
2422 4400 2694 4489 Augusti
2748 4398 3039 4462 titulum.
3126 4395 3354 4459 Etiam
3401 4394 3470 4457 in

368 4538 3457 4586 w

384 4629 454 4693 ια)
493 4627 751 4682 Pellerin.

3353 4683 3398 4748 a.)
