4242 5459
859 620 1015 691 3⁶32

875 797 1103 883 Caput
1168 794 1530 860 barbatum
1608 797 1910 861 velatum
1967 797 2396 882 prominente

2000 596 2901 683 VALERIANVS.

2477 819 2602 882 ea,
2653 800 2921 864 Saturni
2944 799 3252 884 harpam
3277 802 3346 865 in
3385 799 3784 867 melioribus
3829 802 4011 868 anti·

872 914 1050 979 pone
1086 893 1307 979 harpa
1342 893 1653 979 imposito
1705 894 1979 979 superne
2027 893 2278 979 globo,
2328 895 2398 957 in
2471 897 2750 978 quitatis
2789 898 3244 960 monumentis
3299 894 3680 961 formatam
3727 897 3856 961 effe
3897 901 3996 961 in·

861 991 1126 1076 jaspide
1155 990 1557 1076 sanguinea,
1609 989 1794 1053 edita
1826 990 1901 1053 in
1943 992 2154 1054 Mem.
2177 989 2397 1053 Acad.

870 1088 1061 1151 inser.
1098 1086 1183 1151 T.
1220 1086 1273 1150 1.
1319 1107 1385 1171 p.
1438 1102 1599 1168 279.
1651 1085 1870 1149 Simili
1894 1084 2078 1149 cultu
2120 1104 2396 1168 compa·

874 1195 978 1246 ret
1014 1183 1081 1244 in
1136 1200 1342 1245 numo
1378 1179 1839 1245 Alexandrino
1901 1182 2228 1244 Antonini
2266 1181 2396 1255 Pii,

876 1298 1077 1364 quem
1095 1278 1437 1364 eleganter
1453 1277 1754 1363 explicat
1770 1275 2310 1357 Barthelemyus.
2330 1265 2401 1360 ⁸)

873 1375 953 1439 ln
992 1374 1132 1438 alie
1158 1369 1746 1457 ejusdem·Augusti
1772 1369 2239 1435 Alexandrino
2277 1368 2401 1434 stat

872 1469 1205 1559 palliatus
1258 1469 1527 1534 velatus
1576 1487 1729 1530 cum
1779 1466 1983 1550 globo
2032 1466 2231 1551 supra
2277 1485 2399 1530 00-

880 1580 1006 1654 put
1041 1566 1085 1630 s.
1128 1566 1460 1652 harpam,
1533 1565 1598 1626 d.
1644 1563 2105 1636 crocodilum,
2161 1581 2404 1645 nempe

880 1676 959 1728 ut
1005 1662 1265 1747 aliquid
1300 1659 1583 1724 haberet
1621 1658 1962 1743 Aegyptii.
2000 1646 2073 1737 b)
2137 1655 2402 1741 Caput,

882 1756 1068 1842 quod
1090 1756 1348 1841 jaspidi
1403 1754 1798 1838 insculptum
1852 1754 2041 1829 dixi,
2098 1749 2404 1815 'Gallan-

884 1855 1011 1918 (lus
1042 1850 1333 1916 adseruit
1385 1848 1510 1912 01Υο
1544 1849 1885 1926 Plutonis,
1938 1860 2013 1911 at
2046 1849 2234 1931 quod
2280 1848 2403 1910 mi·

881 1968 1032 2014 rere
1056 1997 1078 2030 ,
1129 1943 1687 2011 montfauconius
1720 1945 1817 2008 M.
1845 1943 2123 2008 Aurelii.
2178 1942 2405 2025 Quam

885 2046 1063 2110 mira
1101 2055 1169 2108 et
1217 2041 1507 2108 absurda
1546 2043 1616 2106 in
1650 2059 1733 2104 eo
1774 2040 2024 2104 viderit
2066 2039 2406 2103 Baudelo-

884 2143 1063 2220 tius,
1114 2141 1300 2229 piget
1336 2138 1606 2204 referre.
1661 2138 1735 2200 In
1762 2136 2091 2200 denariis·
2106 2136 2405 2221 gentium

856 2239 1140 2304 ,Neriae
1181 2248 1251 2301 et
1284 2235 1549 2301 Noniae
1588 2232 1879 2299 habetur
1919 2245 2126 2318 caput
2152 2231 2407 2294 nudum

890 2335 1128 2402 addita
1164 2351 1351 2420 pone
1405 2331 1645 2419 harpa.
1727 2328 1951 2411 Quam
2010 2329 2412 2391 inconcinne

887 2430 1319 2497 Vaillantius
1350 2439 1418 2491 et
1470 2429 1986 2510 Havercampus
2042 2423 2212 2487 illud
2281 2422 2410 2485 01Υο

885 2527 1068 2592 Ditis
1105 2524 1663 2600 adfirmaverim,
1712 2522 1778 2584 in
1809 2539 2046 2584 eorum
2092 2518 2407 2583 examine

888 2624 1074 2698 dixi,
1122 2620 1464 2697 restituto,
1511 2630 1587 2681 ut
1627 2613 2031 2702 oportebat,
2087 2614 2406 2688 Saturno,

892 2732 963 2784 et
1019 2716 1310 2782 stabilita
1372 2713 1609 2792 causa,
1698 2723 1977 2795 propter
2032 2728 2243 2792 quam
2299 2706 2405 2768 his

889 2812 1188 2878 denariis
1229 2809 1317 2874 est
1370 2810 1622 2874 illatus,
1705 2807 1781 2869 In
1837 2823 2178 2867 marmore
2243 2820 2406 2864 ana-

888 2906 1146 2993 glypho
1205 2905 1388 2988 apud
1437 2903 1764 2987 Sponium
1820 2899 1889 2981 ⁴²)
1942 2896 2154 2962 exstat
2203 2908 2411 2983 eaput

890 3001 1256 3066 barbatum
1294 2997 1593 3061 velatum
1631 2993 1947 3060 adstituta
1985 2995 2247 3077 harpa,
2299 2992 2409 3057 sed

892 3115 1099 3184 quam
1140 3093 1431 3181 Sponius
1471 3093 1756 3156 invitam
1799 3091 1973 3152 inter
2004 3088 2184 3153 Solis
2220 3090 2411 3152 attri-

892 3196 1059 3260 buta
1090 3191 1342 3255 retulit.
1435 3188 1679 3275 Harpa
1711 3196 2024 3251 armatus
2055 3197 2413 3272 comparet

893 3292 1220 3358 Saturnus
1254 3287 1323 3351 in
1357 3285 1569 3350 choro
1620 3285 1872 3370 septem
1923 3282 2205 3345 deorum
2269 3282 2413 3367 pla-

891 3400 1246 3463 netarum,
1324 3405 1373 3448 a
1415 3381 1670 3468 quibus
1728 3377 2208 3446 hebdomadae
2266 3379 2410 3442 dies

892 3483 1173 3552 nomina
1207 3481 1322 3544 sua
1372 3480 1515 3543 sunt
1551 3476 1879 3552 mutuati,
1934 3494 2106 3558 quos
2152 3495 2410 3560 propo-

895 3584 1051 3646 litos
1072 3579 1288 3643 habes
1308 3578 1374 3641 in
1399 3576 1685 3641 Picturis
1706 3569 2330 3653 Herculanensibus,
2354 3563 2411 3650 ἆ)

898 3690 975 3740 et·
1009 3679 1077 3738 in
1108 3674 1347 3738 Theca
1383 3674 1579 3758 regia
1611 3668 2024 3743 calamaria,
2077 3687 2119 3730 a
2153 3667 2412 3730 Iacobo

894 3769 1302 3836 Martorello
1352 3781 1503 3832 toto
1568 3765 1967 3829 eruditionis
2014 3761 2156 3825 nisu
2205 3762 2415 3848 expli-

896 3876 1078 3930 cata.
1129 3863 1441 3946 Denique
1506 3860 1888 3945 complures
1944 3858 2216 3921 Saturni
2272 3857 2414 3922 effi-

2478 987 2605 1054 11οι-
2639 991 2941 1075 harpae,
2993 1010 3174 1074 quae
3213 993 3460 1056 Perseo
3510 993 3708 1075 heroi
3761 995 4004 1059 tribui-2

2477 1098 2626 1167 tur,
2678 1087 2746 1148 in
2794 1086 3002 1151 binas.
3045 1086 3351 1173 cuspides
3403 1090 3714 1152 exeuntis
3744 1134 3766 1165 ,
3838 1109 4005 1174 qua*

2479 1201 2629 1244 rum
2657 1202 2792 1245 una
2817 1193 3173 1258 curvatum
3225 1184 3444 1246 rarius
3477 1182 3688 1247 habet
3706 1183 4008 1248 for-mam

2481 1276 2678 1341 cultri
2730 1276 3043 1362 fimplicis
3062 1278 3419 1355 brevioris,
3471 1277 3578 1342 sed
3612 1278 3816 1355 hujus
3843 1300 4007 1365 quo·

2483 1390 2614 1456 que
2637 1385 2925 1439 curvata
2963 1373 3256 1458 cuspide.
3314 1375 3539 1438 Minus
3578 1375 3668 1437 ad
3700 1388 4003 1439 veterem

2482 1466 2781 1533 formam
2815 1481 3072 1533 exacta.
3094 1466 3186 1531 est
3239 1466 3385 1532 salx
3441 1470 3511 1531 in
3549 1489 3768 1533 nuno
3791 1472 4004 1533 Hera*

2486 1565 2675 1628 01000
2718 1584 2871 1627 cum
2912 1565 3133 1649 capite
3168 1563 3565 1649 Elagabali,
3620 1586 3822 1650 quem
3862 1565 4004 1629 vul,

2484 1661 2678 1744 gavit
2720 1660 3052 1737 Patinus,
3083 1649 3139 1737 ε)
3189 1661 3258 1723 in
3291 1680 3445 1744 qno
3474 1658 3746 1746 fingitur
3777 1661 4006 1725 Satur-

2486 1774 2612 1817 nus
2659 1756 2883 1819 alatus
2923 1756 3291 1840 gradiens,
3344 1767 3413 1817 et
3456 1767 3742 1842 utraque
3799 1775 4008 1820 manu

2485 1861 2716 1914 tenens
2751 1848 3003 1915 falcem
3049 1850 3347 1936 oblongo
3402 1852 3760 1915 manubrio
3809 1872 4004 1937 prae,

2485 1943 2696 2010 fixam
2754 1947 2894 2027 ejus
2951 1946 3154 2032 plane
3200 1944 3512 2022 formae,
3597 1967 3737 2031 qua
3799 1948 4029 2010 hodie·

2489 2040 2804 2105 messores
2824 2043 2958 2105 ruri
2977 2061 3146 2126 opus
3164 2039 3398 2105 facere
3416 2044 3753 2111 videmus.
3771 2042 3998 2105 Enim·

2492 2156 2666 2201 vero
2711 2158 2865 2203 cum
2908 2158 2993 2201 ex
3051 2150 3425 2222 praecepto
3477 2138 3740 2223 Virgilii
3802 2156 4006 2223 opot-

2488 2245 2637 2299 teat
2673 2235 3040 2297 vinitorem
3082 2253 3272 2297 curvo
3344 2234 3614 2298 Saturni
3658 2234 3840 2299 dente
3883 2234 4006 2297 ad.

2491 2330 2773 2393 tondere
2830 2330 3080 2405 vitem,
3141 2326 3216 2410 Β)
3269 2329 3747 2413 intelligimus,
3826 2329 4004 2392 hanc

2489 2423 2753 2490 falcem
2785 2423 2973 2488 fuisse
3012 2427 3153 2503 ejus
3191 2436 3519 2501 naturae,
3569 2437 3642 2488 ut
3685 2432 3823 2489 una‘
3865 2444 4005 2487 ma·

2488 2540 2578 2583 nu
2614 2519 2819 2583 facile
2855 2531 3213 2604 regeretur.
3275 2521 3353 2583 In
3386 2531 3746 2605 argenteo,
3801 2539 4004 2605 quem

2488 2615 2704 2679 edidit
2725 2615 3079 2678 Motellius
3102 2617 3277 2679 inter
3309 2617 3602 2680 incertos
3623 2662 3641 2691 ‚
3695 2636 3869 2699 qnos
3889 2614 4004 2678 fa-

2488 2708 2828 2772 miliarum
2867 2712 3173 2775 numisin
3207 2710 3339 2774 fine
3376 2711 3669 2795 adjecit,
3699 2703 3767 2793 ¹²)
3817 2712 4000 2796 capie

2489 2805 2545 2868 ti
2599 2803 2869 2868 Saturni
2936 2806 3300 2893 oblongior
3367 2809 3666 2890 ejusdem
3733 2806 3997 2872 formae

2491 2898 2642 2965 falx
2689 2898 3113 2980 adstituitur,
3163 2906 3326 2967 item
3364 2903 3433 2966 in
3481 2904 3767 2988 gemmis
3820 2903 4008 2987 apud

2491 2996 2932 3075 Mariettum,
2984 2993 3041 3080 i)
3116 3009 3183 3061 et
3232 2997 3374 3062 alia
3434 2999 3620 3082 apud
3682 2997 4010 3061 abbatem

2489 3092 2871 3159 Braccium.
2910 3086 2976 3175 ¹¹)
3029 3095 3283 3157 Verum
3333 3093 3507 3157 haec
3541 3106 4007 3172 monumenta,

2494 3186 2608 3252 etsi
2633 3188 2937 3272 §antiqua
2974 3188 3248 3267 demus,
3297 3190 3696 3268 recentioris
3717 3189 3863 3253 sunt
3891 3208 4008 3253 ae-

2493 3285 2567 3346 vi
2593 3333 2617 3367 ,
2669 3296 2734 3347 et
2783 3281 2961 3347 forte
2994 3283 3239 3347 horum
3275 3282 3600 3370 pleraque
3642 3285 3813 3350 artis
3863 3304 4008 3348 mo·

2496 3381 2769 3444 dernae.
2846 3379 2921 3442 In
2963 3380 3259 3443 denariis
3304 3381 3618 3464 gentium
3638 3381 4008 3445 Memmiae

2496 3488 2563 3539 et
2595 3474 2925 3540 Serviliae
2981 3472 3410 3560 Caepionum
3458 3476 3736 3540 Saturni
3785 3470 4013 3559 ha‘tpa

2497 3569 2584 3634 011
2620 3567 2818 3633 instar
2859 3570 3052 3634 cultri
3093 3573 3374 3634 incurvi.
3400 3571 3670 3648 serrati,
3719 3570 4015 3635 fenden·-

2493 3668 2643 3731 tati.
2695 3666 2975 3730 Videtur
3010 3665 3182 3731 haec
3217 3665 3448 3730 forma
3488 3669 3798 3730 omnium
3821 3678 4017 3731 vem-

2501 3760 2798 3827 stissima.
2849 3762 2993 3826 Iam
3033 3763 3214 3825 enim
3261 3761 3590 3827 Hesiodus
3634 3782 3791 3827 eam
3837 3762 4020 3826 dixit

2498 3856 2958 3943 καρχαροδοηα
2981 3904 3001 3935 ,
3050 3858 3124 3922 id
3160 3855 3248 3922 est
3268 3879 3308 3923 ε.
3340 3856 4021 3944 ἙαΙοωοῙροήεάηιι-

760 4684 773 4693 “
897 4685 952 4722 Υ.
995 4682 1112 4739 ⁸7⁵!

898 3961 1040 4046 gies
1079 3958 1169 4021 ad
1207 3970 1674 4023 memoratum
1721 3954 1933 4037 supra
1987 3973 2249 4021 morem
2301 3975 2412 4017 ex·
2499 3953 2687 4019 tibus.
2722 3950 2778 4034 ¹)
2844 3951 3039 4034 Quae
3080 3953 3279 4018 causa
3305 3953 3552 4031 fuerit·‚
3603 3954 4026 4018 cnrNican-

896 4066 1092 4121 actas
1135 4053 1430 4135 reperies
1484 4050 1665 4134 apud
1710 4046 2412 4127 Winkelmannum.‘·)
2500 4051 2619 4113 der
2655 4048 3040 4112 horrentem
3081 4049 3464 4134 perniciosis
3501 4050 3817 4114 dentibus
3863 4050 4025 4137 bip-

993 4146 1696 4212 Animadvertendum
1726 4142 1860 4207 hoc
1903 4141 2059 4207 loco
2110 4157 2413 4227 praeter·
2496 4148 2854 4229 popotami
2875 4146 3227 4212 maxillam
3248 4146 3506 4231 harpae
3535 4144 3914 4212 adfimilat:
3939 4144 4024 4230 ¹¹²)

973 4450 1029 4519 0)
1066 4455 1130 4508 Β.
1167 4454 1238 4506 L.
1270 4452 1345 4510 T.
1382 4450 1534 4503 XLI.
1618 4485 1629 4497 .
1666 4466 1791 4519 5⁰¹·

897 4526 1014 4580 tab.
1050 4542 1139 4594 5⁰·
1384 4520 1440 4585 e)
1479 4466 1671 4570 StoFch
1705 4518 1870 4571 Pierr.
1905 4536 2053 4589 grav.
2091 4538 2153 4591 p,
2186 4535 2275 4585 33.

895 4596 959 4661 h)
994 4593 1140 4648 Tab.
1177 4591 1281 4646 lv.
1321 4589 1398 4642 lit.
1436 4587 1502 4639 L.
1710 4588 1747 4650 i)
1787 4587 1934 4650 Part,
1969 4589 2046 4645 Π.
2084 4605 2164 4646 n..
2180 4603 2230 4649 a,
2265 4601 2321 4656 3,

1284 4661 1361 4730 m)
1399 4656 1661 4720 Thetin,
1699 4673 1751 4719 r.
1784 4659 1931 4731 59⁶·-

1940 4450 2046 4517 ''b)
2087 4450 2232 4503 Mus.
2276 4451 2435 4520 Boi-g.
2472 4452 2691 4521 p.'t69.
2884 4454 2936 4520 0)
2977 4451 3205 4506 Mis-nen.
3242 4470 3299 4525 p.
3333 4472 3391 4524 3.-

2506 4516 2553 4586 s)
2595 4517 2765 4577 Num.
2806 4521 2922 4594 imp
2968 4540 3080 4593 ,‚p.
3118 4524 3238 4575 266.

2551 4586 2610 4659 k)
2648 4585 2724 4642 de
2759 4599 2873 4657 ant,
2934 4588 3219 4665 calp'torib.
3252 4607 3312 4662 p.

3451 4524 3506 4592 g)
3542 4450 3870 4641 Gggrgoff
3899 4450 4040 4581 ἐξ.

3354 4604 3475 4662 ⁸⁵3·
3737 4590 3761 4660 J
3805 4588 4040 4661 Time·
