4242 5459
845 574 989 653 360

846 764 996 841 vult
1028 808 1047 839 ,
1098 760 1411 824 nimirum
1481 777 1767 843 quarum
1821 769 2142 822 contactu
2206 760 2377 823 Iuno

844 858 1037 924 facta
1102 875 1485 943 praegnans
1551 856 1838 918 Martem
1900 852 2074 917 ess'e't
2129 856 2373 933 enixa,

847 955 1023 1018 unde
1056 954 1255 1015 ‘dicta
1294 950 1500 1025 fuerit
1545 951 1971 1028 Martialis-³)
2024 951 2231 1031 Novi,
2273 952 2375 1014 di-

806 1056 813 1063 '
846 1069 999 1114 cere
1028 1045 1290 1111 Festum
1316 1095 1338 1126 ‚
1382 1037 1442 1125 1’)
1496 1068 1581 1111 ex
1626 1048 2011 1131 aliquorum
2044 1046 2375 1110 sententia

841 1147 1145 1210 Martem
1214 1144 1351 1207 dici
1412 1142 1835 1219 Gradivum,
1884 1145 2035 1227 quia
2077 1145 2374 1228 gramine

827 1244 918 1329 fit
944 1249 1161 1317 ortus,
1213 1236 1383 1324 quod
1404 1232 1906 1323 interpretatur,
1958 1230 2108 1323 qiu‘a
2139 1257 2372 1304 corona

838 1340 1175 1422 graminea
1228 1338 1295 1400 in
1334 1336 1702 1400 remilitari
1729 1338 2040 1399 maximae
2068 1336 2142 1419 est
2168 1333 2366 1399 hono-

843 1434 1157 1514 rationis,
1212 1444 1279 1493 et
1306 1452 1387 1494 ex
1432 1431 1898 1494 menteServii
1928 1449 2205 1516 gramen
2242 1430 2368 1503 eise

849 1529 1307 1593 consecratum
1349 1528 1598 1608 Marti,
1664 1525 1777 1590 etsi
1828 1526 2038 1589 aliam
2098 1528 2158 1589 is
2226 1529 2368 1609 ejus

846 1624 1119 1689 causam
1154 1623 1436 1700 statuat,
1489 1642 1667 1699 non,
1721 1623 1904 1704 quod
1946 1642 2031 1683 ex
2062 1623 2366 1704 gramine

846 1733 1047 1785 natus
1093 1718 1269 1798 sit.⁶)
1327 1724 1413 1782 At
1451 1719 1629 1780 enim
1683 1719 1973 1782 Ovidius
2020 1718 2227 1793 illud,
2281 1737 2366 1778 ex

848 1836 984 1902 quo
1024 1817 1191 1879 Iuno
1232 1816 1531 1878 Martem
1579 1812 1893 1898 concepit
1927 1861 1945 1890 ‚
2014 1833 2150 1876 non
2212 1832 2369 1897 gra-

847 1933 1046 1988 men,
1100 1912 1208 1974 sed
1240 1908 1480 1973 florem
1522 1911 1721 1984 dixit,
1772 1923 1845 1972 ut
1877 1912 2015 1991 jam
2039 1928 2392 2001 praeeunq·

848 2022 915 2071 te
958 2010 1223 2072 erudito
1260 2006 1392 2069 hoc
1432 2007 1581 2068 viro
1641 2006 1841 2091 supra
1886 2007 1952 2067 in
2000 2006 2368 2068 Mamaeae

847 2106 1066 2167 numis
1094 2104 1592 2184 indicavimus,
1662 2122 1781 2180 ac,
1846 2102 2182 2185 ‘quidquid
2220 2101 2373 2179 erit,

846 2200 1012 2263 illud
1048 2200 1438 2285 cumprimis
1472 2201 1537 2260 in
1584 2198 1714 2275 hac
1755 2198 1957 2260 causa
2000 2198 2378 2282 quaeritur,

849 2297 1008 2381 quid
1056 2297 1238 2358 numi
1288 2294 1407 2379 ipfi
1451 2294 1878 2377 eloquantur.
1936 2300 2024 2359 At
2056 2314 2218 2357 vero
2246 2296 2372 2356 ite-

847 2413 998 2455 rum
1036 2393 1192 2467 aio,
1247 2410 1489 2454 numos
1510 2391 1704 2472 hujus
1729 2393 2107 2478 argumenti
2133 2391 2365 2476 copio-

847 2489 993 2565 soS,
1048 2500 1113 2550 et
1154 2486 1591 2550 nitidissimos
1640 2489 1845 2551 musei
1881 2486 2197 2550 Caesarei
2232 2504 2371 2548 cer-

848 2596 989 2647 tam
1039 2583 1237 2647 nobis
1272 2581 1685 2671 forficulam·
1712 2572 2005 2661 offerre,‘
2049 2582 2217 2644 nihil
2251 2600 2370 2643 au-

851 2692 990 2743 tem
1038 2681 1361 2756 omnine,
1416 2680 1602 2760 quod
1648 2679 1757 2741 vel
1793 2676 1986 2755 flori,
2059 2676 2168 2739 vel
2210 2675 2370 2738 her-

847 2775 1091 2838 barum
1144 2774 1468 2836 fasciculo
1520 2772 1725 2836 [imile
1784 2775 1961 2836 ess'et.
2054 2772 2370 2834 Ceterum

845 2874 1019 2934 luno
1062 2870 1405 2931 Martialis
1452 2889 1585 2930 non
1630 2869 1696 2931 in
1738 2868 1891 2930 solis
1951 2869 2172 2930 numis
2235 2884 2369 2927 me-

846 2975 1197 3038 moratur,
1250 2963 1360 3024 sed
1394 2976 1461 3024 et
1502 2963 1656 3025 Sex.
1700 2960 1917 3027 Rufus
1951 2967 2089 3043 ejus
2128 2962 2371 3025 aedem

850 3063 917 3122 in
960 3060 1235 3145 regione
1272 3055 1406 3119 fori
1447 3059 1742 3121 Romani
1789 3056 2021 3121 stetisse
2062 3056 2293 3120 refert.

950 3154 1074 3218 His
1136 3156 1356 3218 numia
1412 3153 1611 3218 causa
1664 3155 2041 3242 argumenti
2080 3158 2365 3241 jungen-

847 3254 974 3317 dus
1019 3252 1234 3315 alter:

1138 3348 1388 3416 DWO.
1439 3345 1907 3417 AvaSTO.
1963 3347 2168 3433 Caput
2217 3346 2367 3413 Au..

1131 3448 1296 3530 gusti
1341 3445 1687 3509 radiatum.

841 3543 1187 3608 lvNoNl.
1229 3541 1712 3606 MARTIALI.
1760 3541 2107 3625 Templum,
2157 3546 2372 3631 inquo

845 3642 961 3702 dea
982 3638 1202 3723 sedem
1233 3640 1503 3724 uastante
1520 3658 1786 3721 pavone.
1844 3640 1985 3702 AR.
2041 3640 2367 3724 (Pellerin

846 3736 1009 3795 Rec.
1061 3734 1176 3797 111.
1216 3754 1282 3816 p.
1332 3732 1610 3815 XLIX.)

942 3827 1350 3891 Vaillantius
1387 3832 1453 3891 in
1489 3831 1725 3893 Numis
1765 3827 1893 3917 suis
1924 3827 2287 3913 praestant.
2323 3853 2366 3895 a

844 3923 1136 3985 Baldino
1164 3922 1473 4001 restitutis
1496 3927 1698 3986 Tom.
1721 3924 1806 3986 11.
1841 3946 1904 4009 p.
1939 3947 2062 4010 33.
2089 3947 2365 3990 numum

742 4066 747 4073 .
844 4015 1119 4101 Augusti
1158 4032 1547 4101 argenteum
1592 4018 1673 4082 sic
1702 4019 2053 4084 describit:
2109 4024 2362 4086 IVNO·

843 4115 901 4177 N
914 4115 961 4178 1.
983 4114 1341 4175 MARTIA
1356 4114 1468 4175 LI.
1530 4116 1840 4199 Templum
1878 4120 2220 4182 rotundum
2246 4167 2263 4196 ‚
2295 4123 2364 4182 in

843 4233 964 4297 quo
1006 4209 1391 4294 banoscum,
1442 4208 1505 4270 d.
1532 4211 1786 4292 spicas,
1828 4232 2131 4294 eumque
2164 4215 2362 4275 raris-

842 4310 1075 4370 fimum
1112 4303 1436 4388 appellat.
1490 4303 1711 4366 Ausim
1750 4304 2166 4369 confidenter
2200 4328 2357 4371 con-

836 4405 1080 4485 jicere,
1134 4401 1312 4463 hunc
1341 4397 1699 4466 Vaillantii
1729 4418 2006 4462 numum
2044 4422 2196 4464 cum
2218 4404 2358 4465 Pel·

1909 502 2923 637 TR‘EBONIANVS'.

2462 756 2794 820 letiniano
2820 805 2839 834 ‚
2890 758 2957 820 in
2997 777 3133 841 quo
3166 757 3387 823 sumus
3421 806 3441 838 ,
3494 761 3794 844 ejusdem
3858 762 4008 855 effe·

2461 865 2768 916 naturae.
2823 854 3193 918 Enimvero
3237 874 3566 921 coaevum
3589 859 3712 921 esse
3755 858 3989 946 Augu-

2462 945 2600 1025 sto,
2673 949 3077 1033 persuadere
3127 951 3298 1013 mihi
3350 973 3485 1016 non
3540 955 3848 1036 poffum,
3912 958 3988 1019 in

2460 1047 2645 1124 cujus
2681 1057 2956 1109 moneta
2991 1044 3216 1109 similis
3247 1045 3515 1113 formae
3575 1050 3814 1114 aversa
3867 1053 3985 1114 ad-

2454 1136 2588 1202 huc
2625 1141 2983 1226 conspecta
3016 1161 3151 1204 non
3194 1142 3318 1226 est,
3368 1143 3480 1207 sed
3517 1164 3734 1229 quae,
3787 1160 3862 1210 ut
3883 1148 3986 1209 vi-

2456 1236 2679 1297 dimus
2708 1283 2728 1314 ,
2784 1230 2995 1301 ob‘via
3036 1236 3124 1301 est
3169 1259 3288 1322 per
3324 1230 3683 1325 imperium
3717 1241 3985 1307 Trebo-

2452 1331 2662 1397 niani.
2719 1332 2950 1414 Quare
2987 1333 3189 1418 plane
3231 1335 3588 1400 verisimile
3633 1336 3984 1414 existimo,

2450 1427 2519 1489 in
2560 1430 2792 1492 antica
2851 1431 3036 1492 numi
3063 1477 3082 1507 ‚
3152 1452 3350 1515 quem
3396 1433 3584 1496 dedit
3624 1433 3981 1498 Vaillanti·

2455 1541 2575 1601 us,
2630 1522 2755 1587 ess'e
2779 1525 3073 1590 eandem
3115 1528 3558 1613 epigraphen,
3611 1540 3679 1598 et
3708 1543 4002 1619 typum,-

2454 1620 2688 1701 quales
2750 1619 2893 1683 sunt
2961 1623 3030 1685 in
3103 1623 3553 1688 Pelleriniano
3581 1673 3600 1703 ‚
3676 1646 3907 1710 nempe
3950 1650 3972 1690 z

2445 1712 2699 1779 DIVO.
2733 1715 3168 1782 AVGVSTO
3193 1765 3212 1795 ‚
3263 1721 3592 1804 hujusque
3630 1734 3824 1805 caput
3861 1742 3977 1785 ra-

2451 1807 2739 1877 diatum.
2795 1812 3133 1891 Nimirum
3198 1815 3442 1879 saeculi
3503 1818 3976 1902 praecedentis

2452 1906 2877 1988 antiquarios
2921 1911 3170 1994 passim
3208 1910 3465 1975 constat
3497 1913 3801 1977 indicare
3855 1908 4008 1983 ne-‘¹

2454 2001 2766 2087 glutisse,
2822 2024 2957 2086 qua
2994 2004 3113 2069 fiat
3156 2010 3546 2072 conditione
3589 2022 3817 2095 partes
3862 2032 3977 2073 an-

2453 2099 2635 2161 ticae
2699 2119 3057 2164 numorum
3127 2102 3768 2189 imperatoriorum,
3857 2120 3980 2169 aut.

2458 2214 2594 2277 qua
2655 2195 2914 2260 metalli
2973 2200 3356 2275 mixtione,
3418 2211 3744 2285 tanquam
3801 2200 3978 2269 haec

2457 2291 2710 2353 indicia
2762 2293 2850 2355 ad
2903 2292 3162 2359 multas
3199 2295 3365 2357 artis
3411 2292 3670 2361 nostrae
3741 2298 3979 2361 causas

2451 2385 2619 2448 nihil
2663 2387 2865 2472 plane
2905 2388 3312 2455 conferrent.
3417 2393 3521 2455 Ad
3562 2378 3978 2478 praesentem

2450 2478 2796 2549 Pellerinii
2844 2505 3121 2549 numum
3166 2499 3238 2563 ut
3283 2501 3626 2567 revertar,
3679 2491 3980 2554 anticam

2455 2597 2607 2642 cum
2647 2580 2886 2644 aversa
2946 2582 3125 2645 male
3184 2582 3595 2671 cohaerere,
3627 2658 3634 2671 ἰ
3664 2599 3871 2669 atque
3904 2584 3982 2649 il-

2452 2675 2590 2738 lam
2626 2674 2962 2761 pertinere
2989 2678 3080 2741 ad
3116 2698 3266 2743 eam
3299 2701 3658 2746 numorum
3682 2681 3982 2761 classem,

2452 2771 2521 2832 in
2555 2790 2842 2855 quorum
2882 2772 3117 2837 aversa
3155 2772 3242 2837 est
3272 2778 3641 2864 epigraphe
3662 2776 4012 2859 CONSE2,

2456 2865 2843 2949 ORATIO,
2899 2881 2964 2932 et
3003 2881 3211 2956 typus
3248 2878 3452 2954 ar‘ae,
3504 2874 3620 2937 vel
3665 2873 4012 2971 aquilae,—

2456 2975 2524 3025 et
2610 2964 2680 3025 in
2740 2963 2984 3046 quibus
3059 2971 3394 3034 memoria
3457 2971 3999 3036 consecrationis·

2450 3058 3006 3144 praecedentium
3042 3063 3200 3127 inde
3241 3066 3329 3128 ab
3360 3063 3657 3151 Augusto
3686 3067 4013 3157 impera«.

2452 3167 2676 3219 torum
2719 3152 3114 3236 restituitur,
3169 3160 3463 3226 dubitari
3507 3165 3758 3247 nequit.
3825 3164 3988 3235 Pel..

2389 3266 2398 3273 ·
2455 3251 2734 3315 lerinius
2781 3274 2868 3317 ex
2902 3252 3033 3317 hoc
3070 3274 3276 3320 numo
3313 3258 3609 3343 probare
3658 3256 3981 3341 instituit,

2458 3347 2586 3410 hos
2621 3349 2796 3434 ipsos
2851 3362 3228 3415 renovatae
3271 3355 3793 3423 consecrationis
3859 3378 3977 3421 nu-

2455 3464 2607 3508 mos
2646 3466 2781 3510 non
2820 3446 3193 3529 imperante
3242 3448 3581 3526 Gallieno,
3634 3454 3819 3535 quod
3838 3454 3986 3538 ple.

2457 3542 2685 3625 risque
2724 3563 2934 3623 usque
2979 3542 3186 3606 modo
3218 3546 3430 3609 visum
3457 3593 3478 3624 ,
3548 3547 3660 3611 sed
3707 3546 3988 3614 Trebo-

2459 3639 2663 3700 niano
2696 3638 2885 3701 fuisse
2907 3639 3278 3722 percussos,
3312 3644 3492 3725 quod
3519 3662 3647 3706 nos
3681 3664 3984 3710 examen

2457 3733 2524 3794 in
2559 3746 2924 3797 tractatum
2989 3736 3074 3797 de
3127 3739 3356 3801 numis-
3400 3740 3994 3806 consecrationum

2456 3827 2851 3896 differimus.

3193 3924 3228 3961 ῃ,

3372 3983 3407 4018 n

3013 3982 3043 4013 ὕ

2757 4023 2991 4091 Vtut.
3049 4025 3114 4090 C.

2453 4117 3084 4188 LIBERALlTAS.
3119 4122 3392 4191 AVGG.
3429 4126 3497 4189 S.
3533 4125 3612 4193 c.
3666 4126 3993 4198 Libo-ato·-

2450 4217 2775 4299 tasstans.
2832 4216 2969 4282 AE.
3011 4219 3062 4281 1.
3123 4220 3326 4303 (Mus.
3362 4221 3587 4307 Caes.)

2755 4308 2850 4377 Vt
2888 4313 2977 4377 tit.
3023 4315 3090 4381 C.
3142 4318 3438 4382 Protome
3480 4320 3819 4401 laureata,
3856 4345 3988 4410 pa-

2701 4426 2710 4435 ·
2743 4408 3092 4476 Indumenta
3122 4417 3271 4479 auri
3308 4415 3560 4480 bractea
3598 4431 3841 4504 operto.

821 4541 4008 4585 0—--—-———————--———-——-4—————-

923 4617 991 4683 a),
1025 4611 1168 4670 blus.
1206 4602 1309 4666 Pio
1353 4639 1371 4656 ·
1415 4609 1591 4663 Clem.
1628 4609 1794 4662 Tem.
1835 4610 1937 4668 vl.
1980 4627 2037 4682 p.
2075 4572 2168 4674 86..

2339 4613 2408 4685 b),
2439 4618 2497 4669 iu
2536 4615 2828 4675 Gradivus.

3004 4622 3052 4689 e)
3089 4622 3163 4675 ad
3199 4624 3346 4681 Aen.
3380 4626 3514 4681 ΧΠ.
3552 4644 3603 4683 v.
3649 4648 3783 4701 υς,ἢ
