4242 5459
1033 546 1388 622 SVLP.
1492 543 1886 619 VRAN.

640 749 724 818 L.
759 747 934 813 1VL.
970 748 1180 810 AVR.
1223 745 1464 808 SVLP.
1489 746 1697 811 VRA.
1727 742 1887 805 AN·

646 850 711 909 T
717 844 1078 912 ONINVS.
1136 844 1339 927 Caput
1375 842 1720 912 laureatum
1757 860 1887 904 mo-

643 943 790 1032 desta
843 939 1202 1006 barbatum.

351 1036 956 1106 FECVNDITAS.
1021 1033 1230 1097 AVG.
1329 1033 1567 1098 Mulier
1602 1035 1785 1119 flans
1822 1031 1886 1096 d.

342 1136 867 1224 gubernaculum,
901 1132 961 1217 s.
1022 1133 1443 1214 cornucopiae.
1495 1131 1639 1193 AV.

455 1233 810 1316 Suspectus
835 1229 945 1290 hic
973 1245 1215 1289 numus
1245 1246 1367 1310 per
1398 1236 1658 1307 partem
1695 1244 1886 1288 aver-

348 1331 491 1391 I'am
539 1328 762 1389 videri
817 1324 1075 1408 posset,
1156 1322 1480 1403 quoniam
1528 1321 1890 1405 fecunditas

353 1423 698 1506 inscriptio
740 1419 826 1484 est
876 1420 964 1483 ab
1012 1415 1457 1501 Augustorum
1492 1420 1714 1501 numis
1765 1417 1885 1479 ali·

353 1540 524 1596 ena,
574 1531 781 1603 typus
814 1535 982 1579 vero
1025 1511 1372 1576 fortunam
1403 1559 1425 1590 ,
1474 1531 1608 1578 non
1652 1512 1886 1576 fecun-

317 1616 634 1690 „ditatem
681 1611 855 1676 fistit.
911 1616 1002 1673 At
1034 1629 1184 1673 cum
1233 1610 1417 1671 Baro
1472 1607 1877 1686 Bimardus,

348 1731 550 1796 quem
591 1709 659 1772 in
707 1708 886 1770 hunc
931 1724 1202 1768 numum
1239 1703 1507 1788 prolixe
1536 1722 1880 1774 commem,

345 1819 600 1871 tantem
645 1801 1035 1888 cumprimis
1078 1799 1384 1876 consuie,
1456 1795 1520 1878 ³¹)
1571 1801 1687 1862 suo
1734 1800 1875 1863 suo-

344 1921 627 1985 rumque
668 1901 923 1980 judicio
963 1896 1387 1959 indubitatae
1449 1896 1877 1978 antiquitatis

343 1998 641 2062 mercem
713 1996 1083 2083 spondeat,
1162 1992 1299 2076 ipse
1331 2038 1350 2068 ,
1429 1992 1544 2072 qui
1600 2011 1875 2053 numum

340 2115 480 2160 non
526 2096 861 2171 viderim,
915 2088 1084 2153 nihil
1127 2088 1465 2161 habeam,
1519 2087 1703 2168 quod
1755 2106 1874 2169 op·

341 2213 641 2279 ponam,
695 2190 987 2252 libenter
1025 2183 1374 2268 infignium
1397 2182 1702 2245 virorum
1747 2180 1873 2243 suf-

340 2287 567 2377 fragio
599 2285 962 2353 subscribo,
1096 2374 1128 2409 ὓ

306 2485 312 2490 ’
442 2432 1001 2543 Οοωῐηεωοτεῖο
1037 2422 1318 2555 Sulpicii
1367 2469 1606 2534 Vranii
1663 2473 1873 2531 Anto-

336 2571 500 2640 nini'
533 2585 741 2638 nu'mo
797 2571 1116 2655 exemplo
1173 2565 1479 2629 Bimardi
1538 2568 1869 2650 conjungo

344 2673 549 2736 alium
591 2671 942 2735 Graecum·
972 2666 1236 2751 Suspicit·
1275 2662 1605 2726 Antonini.

630 2768 976 2833 ΛΤΤΟΚ.
1056 2761 1372 2828 (ΣΟΤΛΠ.
1461 2758 1869 2821 ΑΝΤωΝΙ-

319 2893 342 2903 -
630 2864 828 2928 Noc.
856 2861 1028 2927 (ΖΕΒ.
1097 2860 1299 2944 Caput
1328 2853 1696 2920 laureatum.

331 2962 793 3026 EMICCwN.
830 2962 1226 3046 ΚΟΛωΝΙ.
1268 2961 1386 3026 ΕΞ
1416 2955 1500 3016 Φ.
1561 2948 1872 3033 Templum

315 3061 442 3144 fex
477 3058 893 3122 columnarum
925 3102 944 3131 ‚
995 3057 1170 3120 intra
1209 3050 1376 3142 quod
1408 3048 1571 3133 lapis
1597 3048 1869 3110 coneidi-

333 3176 471 3228 sus.
526 3154 806 3235 (Haym.
865 3152 951 3214 T.
1018 3152 1071 3215 1.
1125 3174 1191 3238 p.
1262 3163 1423 3237 292.
1490 3142 1872 3225 Pembroek

337 3256 423 3317 P.
467 3251 587 3314 111.
639 3248 783 3310 tab.
828 3244 986 3330 58.)

445 3348 651 3411 Addo
697 3347 896 3409 alium
924 3394 943 3423 ,
1000 3367 1199 3432 quem
1239 3333 1685 3407 Mazzolenus
1725 3355 1769 3397 a
1808 3335 1869 3396 se

339 3431 650 3510 venetiis
687 3444 753 3505 in
792 3444 1014 3508 museo
1076 3439 1373 3526 Apostoli
1427 3433 1608 3493 Zeno
1656 3431 1868 3493 visum

341 3540 1158 3625 {rescribitisAnimadw
1192 3539 1261 3600 in
1297 3528 1454 3599 mus.
1496 3527 1620 3590 Pis·
1661 3528 1737 3590 P·
1781 3526 1867 3590 Π.

391 3688 404 3703 .
446 3636 649 3721 279.)

331 3662 379 3755 ι’)
423 3735 430 3742 ’
636 3733 982 3800 ΑΤΤΟΚ.
1072 3731 1400 3797 ΕΟΤΛΠ.
1458 3723 1870 3789 ANTmNI-

351 3863 362 3872 ·
629 3834 826 3898 Noe.
862 3831 1036 3896 (ΖΕΒ.
1096 3832 1297 3915 Caput
1333 3827 1702 3891 laureatum.

352 3930 592 4016 δημαρχ
638 3931 669 3991 ἐ
695 3928 1066 4005 mOTClocg.
1118 3925 1381 4012 Aquila.
1439 3915 1574 3985 ΑΕ.
1628 3919 1714 3980 11.

448 4026 638 4089 Hunc
676 4025 1094 4088 Antoninum
1131 4023 1500 4106 suspicatur
1533 4013 1872 4098 Haymius

339 4122 468 4185 e'ss‘e
510 4124 835 4202 eundem,
888 4123 1072 4195 cujus
1093 4119 1397 4180 meminit
1430 4111 1726 4177 Zosimus
1762 4108 1868 4171 his

333 4209 597 4283 verbis:
653 4207 720 4300 ¹²)
780 4217 1096 4282 Gallienus
1157 4219 1223 4278 in
1282 4212 1544 4278 Italiam
1605 4204 1875 4292 Scythas

1990 541 2812 621 ANToNJMs
3338 572 3477 638 239

1977 766 2162 831 crops
2195 746 2513 828 Maurus,
2566 744 2920 819 Aureolus,
2991 756 3048 809 et
3091 749 3502 814 ANTONI-
3576 791 3587 796 -

1972 843 2045 906 Ν
2054 843 2119 907 V
2120 844 2178 906 S
2200 889 2219 913 .
2272 843 2506 927 aliique
2543 843 2720 906 multi
2753 840 3152 922 rebellarunt,
3204 856 3271 908 at
3302 866 3506 910 omnes

1972 943 2152 1003 unico
2201 938 2491 1003 Aureolo
2534 947 2783 1021 excepto
2804 937 3135 1021 seditionis
3148 941 3307 1026 suae
3342 962 3497 1025 poe-

1970 1054 2089 1098 nas
2131 1036 2448 1099 dederunt.
2502 1038 2754 1096 Verum
2781 1044 2972 1096 aetas
3004 1037 3192 1098 numi
3226 1056 3363 1100 non
3404 1038 3501 1100 sa·

1969 1132 2055 1193 tis
2080 1133 2389 1214 congruit
2412 1149 2562 1191 curn
2590 1130 2985 1192 narratione
3010 1129 3288 1205 Zofimi3
3339 1153 3498 1196 nam

1971 1246 2187 1290 annus
2226 1227 2344 1296 C:
2374 1227 2460 1302 Φ,
2481 1228 2598 1309 qui
2619 1222 2705 1287 est
2730 1243 2936 1288 aerae
2962 1226 3501 1305 Seleucidarum,

1967 1323 2207 1407 incipit
2239 1322 2328 1385 ab
2361 1334 2690 1384 autumno
2729 1323 2816 1388 V.
2860 1318 2939 1390 C.
2986 1324 3172 1387 1006
3199 1325 3500 1386 exiturus

1966 1419 2034 1481 in
2087 1431 2417 1481 autumno
2453 1419 2614 1482 anni
2648 1416 3021 1503 sequentis,
3076 1438 3214 1503 quo
3249 1419 3498 1483 Emise·
3590 1449 3599 1460 ’

1966 1535 2212 1579 norum
2246 1534 2432 1577 anno
2468 1513 2745 1578 labente
2804 1516 3036 1600 coepit
3100 1532 3315 1579 annus
3364 1516 3499 1601 pri·

1969 1632 2121 1675 mus
2162 1610 2513 1674 Valeriani
2554 1621 2621 1672 et
2656 1606 2994 1690 Gallieni,
3047 1609 3346 1675 Zofimus
3381 1632 3499 1674 au·
3554 1647 3561 1652 -

1966 1719 2102 1770 tem
2139 1707 2467 1769 Antonini
2516 1706 2912 1768 seditionem
2955 1705 3263 1794 pluribus
3305 1709 3499 1770 annis

1960 1804 2169 1866 serius
2214 1800 2586 1879 constituit,
2641 1817 3034 1884 quanquam
3071 1815 3137 1866 et
3172 1800 3343 1865 istud
3386 1825 3531 1867 ex·-

1963 1900 2140 1962 cuset
2183 1898 2590 1974 BimarduS,
2634 1896 2691 1979 e)
2744 1898 2861 1980 qui
2904 1899 3188 1982 Haymii
3238 1900 3325 1962 de
3364 1899 3499 1962 hoc

1960 2015 2170 2059 numo
2212 1995 2537 2075 judicium
2586 1992 2724 2075 ipse
2762 1994 3131 2077 approbat.
3198 1995 3366 2058 Sunt
3398 2009 3498 2056 ta·

1959 2110 2117 2152 -men
2173 2101 2532 2175 praeterea
2579 2087 2805 2151 adhuc
2872 2089 3014 2152 alia
3068 2109 3207 2152 non
3270 2091 3496 2166 levia,

1951 2205 2141 2267 cquae
2167 2196 2405 2248 contra
2431 2196 2745 2268 pugnent.
2776 2182 3020 2246 Facies
3045 2186 3273 2269 ectypi
3294 2186 3493 2268 Hay-

1963 2282 2173 2343 miani
2208 2278 2659 2365 Elagabalum
2703 2299 2840 2342 non
2880 2278 3250 2356 diffitetur,
3319 2291 3395 2341 ut
3430 2292 3497 2341 et

1963 2395 2048 2437 ea
2082 2377 2269 2438 numi
2313 2374 2594 2437 alterius
2632 2372 2791 2436 teste
2838 2375 2980 2458 ipso
3022 2373 3350 2461 Apostolo
3373 2377 3492 2438 Ze-

1961 2491 2092 2550 no,
2148 2491 2345 2556 quem
2394 2471 2560 2532 citat
2598 2470 3064 2535 Mazzolenus.
3116 2476 3340 2555 Atque
3375 2471 3492 2533 eti·

1957 2588 2070 2630 am
2123 2568 2296 2631 haec
2329 2566 2471 2652 ipsa
2508 2565 2833 2630 imb'erbis
2873 2568 3092 2652 magis
3134 2569 3495 2633 conveniet

1957 2664 2385 2751 Elagabalo‚
2437 2681 2643 2745 quam
2694 2673 3036 2745 tyrannm
3109 2682 3273 2726 nam
3328 2682 3491 2727 nun·

1962 2782 2166 2842 quam
2217 2760 2433 2846 pueri,
2487 2759 2601 2823 secl
2641 2759 2950 2843 longiore
2994 2777 3341 2825 armorum
3378 2759 3494 2822 usu

1959 2858 2242 2943 spectati
2283 2857 2716 2941 arripuerunt
2740 2855 3103 2940 imperium
3131 2900 3151 2933 ,
3200 2858 3359 2920 inde
3380 2873 3493 2918 ve-

1958 2973 2039 3017 ro
2087 2954 2176 3018 ab
2234 2953 2593 3022 Hadriano
2660 2950 2937 3038 Augusti
3021 2971 3259 3016 omnes
3280 3003 3304 3036 ‚
3374 2951 3493 3015 nisi

1962 3070 2116 3113 eum
2188 3062 2379 3114 aetas
2434 3046 2687 3112 obstitit
2711 3097 2732 3127 ,
2824 3048 3113 3116 barbam
3188 3047 3490 3112 alebant.

1961 3149 2068 3209 Ad
2099 3147 2273 3210 haec
2300 3166 2434 3209 non
2458 3142 2670 3208 exstat
2701 3166 2946 3208 numus
2968 3146 3492 3218 coloniaeEmi·

1957 3244 2065 3304 sae
2086 3263 2235 3304 cum
2258 3241 2347 3302 alt
2359 3243 2535 3302 erius
2552 3241 2987 3324 imperatoris
3006 3243 3256 3323 capite,
3282 3260 3491 3323 quam

1955 3336 2367 3400 Caracallae
2401 3347 2468 3397 et
2503 3334 2905 3419 Elagabali3
2977 3336 3221 3396 mirum
3275 3354 3443 3396 vero
3468 3382 3488 3408 ,

1957 3431 2244 3494 obscuro
2290 3445 2585 3513 tyranno
2633 3430 3023 3492 dedicatam
3062 3429 3150 3492 ab
3183 3428 3486 3508 hacmo—
3560 3433 3567 3444 '

1959 3540 2230 3603 netam,
2282 3546 2434 3590 cum
2474 3522 2640 3587 istud
2666 3571 2684 3600 ‚
2736 3524 2919 3606 quod
2946 3521 3170 3586 adhuc
3211 3519 3484 3597 constet,

1957 3643 2095 3688 non
2133 3621 2546 3707 praestarent
2572 3618 2969 3682 Alexandro
2995 3663 3017 3694 ,
3089 3614 3486 3694 Gordiano,

1957 3719 2269 3802 aliisque.
2325 3716 2527 3799 Quod
2564 3713 2607 3777 fi
2642 3712 3175 3794 valetjudicium
3207 3732 3293 3774 ex
3322 3711 3487 3776 fide-

1956 3816 2004 3877 li
2043 3815 2324 3897 Haymii
2378 3825 2549 3897 typo
2605 3822 2916 3898 captum,
2985 3820 3165 3872 certe
3217 3806 3491 3874 fabrica

1957 3911 2238 3975 nitidior
2273 3911 2489 3995 magis
2528 3906 2918 3992 Elagabali,
2972 3925 3180 3990 quam
3218 3906 3488 3969 Valeri..

1959 4009 2072 4073 ani
2109 4007 2321 4069 aetati
2359 4018 2723 4089 congruet,
2777 4002 2964 4087 quod
3009 4003 3213 4065 etiam
3269 4003 3351 4066 de
3379 4002 3482 4066 fa-

1959 4107 2150 4170 brica
2196 4106 2383 4166 numi
2432 4103 2529 4164 sui
2594 4114 2831 4187 aperte
2879 4097 3237 4185 profitetur
3278 4103 3483 4163 Zeno.

1961 4201 2225 4283 Quibus
2262 4199 2576 4263 omnibus
2595 4201 2681 4262 ad
2718 4198 3038 4260 trutinam
3063 4197 3333 4259 vocatis
3368 4215 3482 4281 ne*-

333 4316 698 4402 expulsurus
753 4316 982 4379 redivit
1024 4332 1096 4375 ea
1151 4311 1531 4393 tempestate,
1603 4326 1726 4391 qua
1766 4303 1871 4367 Ce-
1961 4299 2093 4361 scio
2118 4345 2136 4375 ,
2191 4319 2276 4361 an
2311 4299 2499 4361 nunti
2542 4296 2611 4358 hi
2647 4315 2777 4358 non
2813 4292 3195 4379 Elagabalo
3227 4291 3481 4376 potine,

303 4429 3471 4480 W———Wffl

402 4529 460 4593 a)
501 4530 559 4578 in
598 4523 804 4578 Iobert.
842 4527 917 4586 Τ,
953 4521 1033 4583 Π,
1069 4539 1130 4594 p,
1165 4529 1288 4589 348.

427 4604 617 4680 (Vol.
672 4602 877 4687 VII.)

1481 4516 1547 4585 b)
1581 4517 1647 4574 L·
1684 4516 1733 4577 l.
1778 4531 1834 4596 ‘r
1861 4522 1950 4581 38·

2148 4508 2361 4577 e)l.e.

2986 4580 3115 4642 Oo
