4242 5459
810 592 944 665 256

815 790 992 859 qvas
1040 770 1154 855 qui
1218 764 1568 855 applicare
1627 762 1968 841 voluerit,
2041 765 2162 828 vix
2214 785 2337 827 nn-

818 890 1026 955 qa‘am
1065 869 1134 930 in
1177 863 1458 928 ferendo
1495 861 1750 942 judicio
1781 864 2194 946 peccaverit.

921 967 974 1029 1.
1027 961 1199 1026 Cum
1249 971 1456 1044 capnt
1490 955 1824 1042 prolixius
1845 954 2206 1019 barbatum
2236 954 2346 1033 est,

821 1076 940 1128 aut
973 1056 1429 1147 provectioris
1471 1053 1766 1128 aetatiS,
1815 1051 2344 1137 Elagabalo‘he-

824 1161 974 1240 quit
1009 1152 1415 1227 convenire,
1469 1150 1584 1232 qui
1621 1167 1838 1210 annos
1858 1147 2106 1211 XVIII.
2150 1161 2345 1209 natus

823 1251 1052 1339 periit.
1123 1246 1355 1312 Barba
1409 1244 1808 1329 promissior
1863 1247 1930 1305 in
1983 1241 2348 1305 Caracalla

829 1349 1015 1412 circa
1048 1343 1206 1408 trib.
1254 1338 1654 1429 potestatem
1707 1339 1787 1401 X.
1838 1338 2074 1421 incipit
2100 1352 2146 1414 ‚⁴
2175 1350 2240 1401 et
2280 1336 2347 1400 fi-

825 1445 970 1511 mul
1009 1454 1240 1516 certa,
1293 1448 1361 1500 ct
1396 1434 1770 1499 constantia
1802 1434 1942 1497 oris
1986 1432 2352 1498 lineamen-

829 1556 922 1605 ta.
974 1534 1390 1623 Elagabalus
1439 1529 1696 1595 nonnisi
1752 1527 2088 1616 postremo
2141 1531 2351 1615 impe-

824 1639 913 1701 rii
952 1636 1132 1699 an'no
1177 1628 1503 1706 barbam,
1560 1645 1846 1710 eamque
1896 1638 2169 1689 tenuem
2234 1645 2352 1708 ap-

831 1733 1607 1910 peIla.lt·Appcllationes
1727 1816 1997 1881 PART.
2128 1817 2351 1879 MAX.

835 1939 957 1991 aut
994 1923 1240 1987 ERIT.
1290 1928 1408 1980 aut
1448 1914 1720 1999 GERM,
1790 1913 1914 1975 soli
1947 1912 2352 1977 caracallae

841 2019 1203 2085 convenire
1256 2012 1558 2099 potsunt,
1615 2023 1686 2073 ut
1721 2011 1924 2071 docet
1961 2002 2257 2074 historia.

834 2160 840 2167 -
931 2116 1052 2180 111.
1105 2112 1369 2177 Eadem
1395 2105 1666 2171 historia
1705 2125 1831 2192 pro
1867 2106 2096 2168 multis
2136 2103 2361 2166 discri-

839 2231 996 2279 men
1033 2209 1238 2273 facile
1281 2204 1679 2288 suppeditat.
1769 2201 1880 2263 Sic
1941 2193 2091 2263 cum
2129 2200 2309 2284 leges
2344 2221 2359 2263 ε

847 2309 1140 2378 Victoria
1181 2300 1490 2370 Parthica
1523 2346 1544 2377 ‚
1594 2298 1706 2361 vel
1738 2318 1758 2361 ι
1807 2296 1973 2364 Ludi
1985 2297 2360 2384 saeculares,

834 2404 995 2485 vel:
1048 2403 1263 2469 Arcus
1311 2397 1541 2481 Augg.
1587 2406 1717 2457 etc.
1759 2392 2178 2463 ‚Carae-‘illae
2218 2412 2362 2454 mo·

836 2513 1070 2566 metam
1107 2490 1445 2578 intellige,
1525 2501 1590 2553 et
1634 2488 1716 2552 fic
1763 2480 2087 2566 ἁναλογως
2133 2504 2361 2551 mone.

839 2613 983 2662 tam
1021 2590 1405 2677 Elagabali.

941 2694 1052 2755 lV.
1105 2687 1332 2771 Caput
1363 2682 1614 2752 nudum
1641 2727 1660 2757 ‚
1713 2690 1832 2742 aut
1865 2679 2072 2741 solum
2115 2697 2363 2739 nomen

836 2786 1065 2872 Caesar
1101 2782 1229 2844 sine
1279 2778 1618 2841 mentione
1665 2775 1975 2860 Augusti,
2030 2770 2117 2833 est
2163 2772 2366 2836 solius

843 2878 1270 2943 caracallae.
1352 2870 1767 2955 Elagabalus
1829 2867 2017 2930 fimul
2075 2866 2363 2946 Caesar,

837 2971 1033 3039 limul
1075 2967 1400 3053 Augustus
1450 2964 1603 3027 fuit.
1691 2965 1798 3027 Ex
1840 2964 2080 3027 eadem
2130 2963 2366 3048 regula

843 3064 1248 3134 caracallae
1291 3061 1549 3148 proprii
1581 3061 1866 3145 putandi
1909 3060 2098 3123 numi
2140 3058 2363 3124 inscri-

742 3234 748 3241 .
817 3166 987 3255 ,μὴ
1043 3163 1342 3247 Princeps
1379 3159 1752 3224 Iuventutis.

847 3318 854 3325 .
945 3264 1028 3326 V.
1086 3257 1252 3322 Cum
1292 3256 1538 3342 legeris
1576 3250 2082 3320 PONTIF.Iine
2101 3252 2365 3336 MAx.‚

841 3360 975 3423 hos
1001 3375 1236 3421 omnes
1265 3349 1667 3417 Caracallae
1711 3350 1953 3411 tribue.
2005 3348 2187 3412 Nam
2213 3369 2364 3412 cum

845 3457 982 3537 duo
1027 3450 1213 3517 simul
1253 3461 1442 3513 erant
1469 3444 1781 3531 Augusti,
1832 3445 2234 3529 lege-usque
2278 3445 2367 3508 ad

843 3551 1208 3617 Balbinum
1250 3557 1315 3609 et
1347 3544 1722 3628 Pupienum
1750 3539 2090 3617 constante
2123 3543 2182 3604 is
2216 3554 2370 3605 tan-

845 3660 985 3721 tum
1020 3657 1166 3709 crat
1203 3638 1513 3728 pontifex
1547 3639 1929 3721 maximus,
1994 3637 2109 3722 qui
2150 3638 2367 3722 digni-

846 3753 988 3803 tate
1051 3736 1457 3822 praestabat.
1562 3732 1843 3797 Exstant
1900 3745 2134 3800 tamen
2182 3733 2368 3797 numi

851 3833 1251 3898 Caracallae
1301 3832 1463 3891 vivo
1505 3829 1728 3891 adhuc
1770 3828 2022 3891 Severo
2088 3826 2367 3913 signati,

845 3931 916 3994 in
968 3926 1212 4009 quibus
1273 3926 1328 3986 is
1376 3925 1446 3986 P.
1498 3925 1717 3986 MAX.
1779 3924 2062 4000 dicitur,
2131 3944 2365 3995 verum

844 4024 971 4087 has
1009 4040 1221 4085 voces
1260 4038 1389 4081 non
1438 4017 1808 4101 explendas
1853 4020 2162 4104 Pontifex
2210 4023 2367 4101 Ma-

847 4122 1099 4194 xima,
1155 4116 1261 4177 sed
1308 4113 1649 4180 Parthicus
1682 4115 2054 4190 Maxima-r,
2108 4115 2251 4179 dixi
2297 4117 2366 4177 in

843 4215 1072 4283 munis
1106 4210 1508 4276 Caracallae
1545 4211 1630 4270 ad
1668 4228 1914 4271 annum
1960 4211 2042 4271 V.
2088 4208 2163 4272 C.
2204 4231 2366 4292 955.

853 4294 862 4303 ³
957 4311 1075 4379 v1.
1147 4308 1218 4369 si
1267 4308 1332 4367 in
1384 4322 1587 4366 numo
1639 4303 1797 4367 trib.
1856 4301 2148 4389 potestas
2210 4325 2363 4368 cum

845 4406 1196 4469 consulatu
1266 4398 1723 4483 conjungitur,
1816 4400 2034 4461 omnis
2105 4400 2367 4463 tollitur

842 4500 1275 4586 ambiguitas,
1348 4492 1709 4559 Caracalla
1741 4493 1988 4557 nonnisi
2037 4496 2103 4559 in
2150 4496 2357 4559 tribu·

835 4610 1004 4663 natu
1040 4599 1119 4663 V.
1141 4594 1271 4658 fuit
1307 4592 1530 4656 consul
1553 4589 1607 4656 1.
1629 4636 1651 4669 ,
1684 4603 1921 4654 contra
1941 4590 2356 4679 Elagabalus

1904 532 2827 643 ELAGABALvs

2420 766 2489 829 in
2544 765 2893 831 tribunatu
2945 768 3030 829 V.
3077 763 3304 828 consul
3344 763 3463 827 lv.
3568 763 3704 846 Qui
3752 764 3943 829 numi

2418 863 2581 926 trib.
2615 862 3015 946 potestatem
3051 864 3133 925 V.
3178 860 3556 935 excedunt,
3622 858 3769 924 sunt
3800 859 3945 924 Ca-

2423 957 2767 1033 racallae3
2818 978 2977 1021 nam
3010 959 3077 1021 in
3118 957 3356 1040 quinta
3390 955 3619 1018 caesus
3659 952 3749 1019 est
3781 954 3950 1018 Ela-

2423 1054 2729 1141 gabalus.

2519 1151 2667 1214 vu.
2720 1152 2968 1228 Numi,
3016 1150 3086 1212 in
3122 1166 3409 1232 quorum
3464 1146 3704 1210 aversa
3757 1166 3947 1209 com-

2423 1259 2619 1332 paret
2667 1246 2952 1322 astrum,
3002 1246 3144 1308 sunt
3208 1242 3591 1327 Elagabali.
3662 1246 3842 1306 Nam
3880 1245 3951 1305 in

2425 1344 2627 1409 certis
2670 1341 3116 1417 Caracallae,
3171 1350 3290 1403 aut
3337 1338 3453 1421 qui
3486 1358 3620 1401 una
3663 1359 3818 1403 cum
3862 1358 3947 1399 eo

2424 1438 2879 1523 principatum
2914 1450 3187 1499 tenuere
3215 1483 3234 1514 ,
3289 1434 3550 1508 Severi,
3600 1434 3951 1497 Domnae.

2421 1533 2824 1610 Plautinae,
2921 1530 3179 1609 Getae,
3252 1549 3598 1612 nunquam
3678 1528 3953 1604 vifitur,

2426 1630 2806 1714 saepissime
2847 1631 2912 1692 in
2956 1629 3174 1691 numis
3208 1626 3608 1710 Elagabali,
3655 1622 3765 1687 sed
3801 1641 3954 1687 non

2426 1740 2584 1788 ante
2617 1725 3035 1807 consulatum
3091 1725 3259 1805 HL,
3315 1722 3477 1804 quin
3511 1733 3580 1784 et
3631 1724 3768 1802 ejus
3818 1726 3948 1805 gy-

2428 1821 2687 1893 naecei.
2742 1819 3060 1896 Constat,
3113 1839 3195 1882 eo
3232 1818 3457 1880 notari
3511 1816 3739 1880 Solem
3784 1816 3980 1879 Ela··

2428 1915 2749 2001 gabalum
2794 1915 3197 2000 imperatori
3237 1914 3735 1997 cognominem.

2526 2011 2711 2076 vlu.
2765 2010 2933 2086 Cum
2974 2009 3189 2073 facies
3224 2008 3490 2095 prorsus
3512 2008 3791 2093 puerilis
3836 2004 3954 2085 est,

2430 2108 2617 2172 haud
2658 2106 2863 2170 dubie
2887 2108 3014 2168 erit
3052 2103 3482 2189 caracallae.
3553 2105 3682 2166 Hic
3704 2104 3949 2167 decen·

2432 2205 2535 2268 nis
2569 2223 2613 2267 a
2644 2214 2839 2289 patre
2887 2202 3105 2265 dictus
3154 2198 3244 2261 est
3288 2197 3652 2285 Augustus,
3701 2198 3957 2285 Elaga-

2433 2300 2632 2364 balus
2662 2318 2881 2362 annos
2912 2286 3117 2361 'natus
3162 2293 3308 2357 fere
3349 2296 3530 2360 XIV.
3598 2295 3731 2379 Vbi
3767 2298 3960 2358 numi

2436 2397 2675 2460 ordine
2715 2394 3203 2478 chronologico
3240 2390 3530 2476 dispofiti
3573 2389 3757 2466 sunt,
3843 2412 3957 2455 ae-

2410 2476 2597 2554 ‘tatis
2640 2490 3015 2574 progressus
3056 2491 3124 2552 in
3162 2499 3453 2571 utroque
3489 2484 3780 2571 Augusto
3814 2507 3961 2549 rna-

2432 2584 2663 2649 nifeste
2708 2599 3021 2669 apparet.
3594 2634 3599 2639 .

2447 2722 2457 2732 -
2530 2681 2649 2743 lx.
2705 2678 2874 2743 Cum
2916 2682 2984 2751 in
3018 2680 3449 2769 inscriptione
3502 2676 3781 2743 aversae
3852 2700 3965 2744 oc-

2437 2776 2647 2841 currit
2685 2772 2965 2840 AVGG.
2990 2822 3010 2853 ,
3065 2777 3501 2842 Caracallum
3554 2775 3715 2839 item
3758 2776 3966 2849 intel·-

2433 2871 2608 2959 lige3
2664 2870 2786 2934 illo
2856 2873 3033 2934 enim
3096 2874 3232 2938 duo
3279 2869 3552 2958 Augusti
3614 2884 3967 2936 notantur.

2437 2966 2801 3033 Caracalla
2833 2979 3099 3053 partem
3140 2969 3410 3059 imperii
3458 2988 3611 3033 curn
3652 2968 3920 3032 Severo
3945 3016 3967 3045 ‚

2435 3076 2701 3149 partem
2758 3081 2910 3125 curn
2947 3062 3125 3129 Geta
3155 3065 3371 3130 fratre
3414 3065 3661 3150 exegit.
3712 3064 3969 3151 Elaga-

2436 3160 2637 3224 balus
2689 3159 2945 3224 socium
3014 3162 3287 3249 imperii
3358 3160 3723 3246 Augustum
3830 3181 3972 3225 non

2433 3240 2697 3321 babuit.
3896 3324 3927 3343 ..

2535 3352 2622 3418 X.
2664 3352 2769 3416 Ad
2810 3356 3165 3436 utrumque
3195 3351 3701 3417 discernendum
3750 3352 3969 3436 pluri-

2439 3468 2624 3511 mum
2656 3447 3492 3534 conferuntinscriptiones
3523 3450 3792 3534 capitis.
3852 3450 3977 3513 Et-

2436 3542 2483 3607 fi
2542 3545 2809 3628 utrique
2848 3546 3234 3606 communia
3275 3545 3575 3630 ‚nomina
3617 3543 3817 3607 fuere
3868 3543 3978 3608 M.

2437 3639 2693 3706 Aurelii
2729 3641 3095 3719 Antonini,
3145 3653 3377 3704 tamen
3417 3638 3548 3703 [ive
3604 3640 3675 3703 in
3710 3639 3975 3702 horum

2442 3737 2651 3800 modo
2678 3782 2699 3811 ,
2749 3735 2879 3823 five
2914 3734 3247 3800 addendis
3280 3736 3433 3800 aliis
3465 3736 3676 3799 titulis
3708 3737 3821 3800 ita
3850 3755 3975 3799 va·

2440 3834 2688 3915 riatum
2715 3879 2733 3911 ,
2787 3843 2861 3894 ut
2895 3830 3220 3897 hactenus
3240 3833 3513 3896 unicam
3529 3844 3797 3897 tantum
3826 3851 3981 3897 am·

2441 3927 2662 4011 bobus
2701 3947 3129 3991 communem
3171 3929 3589 4023 epigraphen
3648 3926 3978 3993 observa-

2443 4025 2702 4105 verim,
2774 4043 3054 4109 nempe:
3124 4023 3681 4090 ANTONINVS.
3735 4025 3981 4088 PIVS.

2440 4118 2635 4181 FEL.
2678 4118 2925 4196 AVG.,
2982 4131 3196 4213 atque·-
3228 4120 3407 4184 hanc
3435 4121 3777 4183 rariusin.
3844 4120 3979 4183 Ca·

2441 4213 2751 4292 racalla,
2835 4226 2903 4276 et
2960 4228 3235 4298 quem,‘
3282 4236 3418 4299 quo
3477 4228 3793 4299 tempore
3841 4215 3983 4281 hac
4072 4250 4097 4272 .

2442 4310 2592 4371 usus
2625 4307 2750 4386 est,
2802 4311 3123 4394 promissa
3177 4312 3398 4377 barba
3454 4314 3595 4392 jam
3646 4309 3812 4374 satis
3877 4312 3983 4372 di·

2441 4405 2798 4468 scrirninat.
2876 4407 3105 4488 Quare
3150 4408 3335 4471 nullo
3370 4408 3692 4492 negotio,
3749 4406 3983 4470 utrius

2441 4497 2513 4562 fit
2558 4520 2839 4575 numus,
2904 4505 3251 4587 reperiaS,
3327 4505 3442 4566 ubi
3499 4502 3638 4585 ejus
3694 4503 3997 4587 epigr-a·—

2436 4595 2616 4679 phen
2648 4616 2805 4663 cum
2841 4598 3103 4680 synabo
3161 4599 3663 4688 inscriptionum
3712 4596 3982 4685 Elaga-
