4242 5459
885 592 1020 656 262

823 811 830 816 ·
887 769 1235 846 PIETAS.
1272 767 1485 837 AvG.
1560 766 1797 835 Mulier
1836 768 2043 834 velata
2064 771 2247 856 flans
2281 777 2428 834 ante

891 895 1075 942 aram
1103 871 1164 936 d.
1186 878 1463 945 extenta,
1499 868 1558 954 s.
1578 886 1876 931 acerram.
1896 867 2040 928 AR.
2062 868 2217 945 maj.
2236 865 2425 929 mod.

990 970 1253 1032 Numus
1297 966 1404 1027 hic
1438 983 1524 1026 ex
1567 962 1794 1024 museo
1837 961 2107 1024 comitis
2152 957 2424 1036 Ariosti‚

892 1086 1072 1133 nunc
1124 1062 1501 1140 Caesareo,
1552 1059 1774 1120 editus
1809 1054 1899 1124 est
1935 1078 1981 1119 a
2016 1056 2314 1132 Khellio,
2356 1053 2424 1135 ⁸)

1826 567 2004 646 AN
2031 565 2260 643 NIA
2354 565 3095 653 FAVSTINA.

3257 769 3293 803 ᾖ

2664 897 2687 923 ·.
2804 863 3680 932 ANMA.FAVST1NA.
3761 865 4011 935 AVGv-

2810 955 3007 1026 STA.
3059 963 3274 1046 Hujus
3317 972 3520 1046 caput.

2520 1054 3082 1121 CONCORDIA.
3120 1059 3187 1120 S.
3226 1055 3302 1120 C.
3354 1056 3755 1144 Elagabalus
3782 1069 3837 1123 et
3865 1062 4010 1125 Fan·-

899 1161 1130 1245 estque
1163 1179 1249 1222 ex
1291 1175 1526 1220 eorum
1574 1172 1858 1239 genere,
1912 1171 2085 1234 quos
2133 1172 2219 1214 ex
2280 1171 2425 1214 ma·
2498 1154 2674 1240 stina
2692 1157 2936 1242 flantes
2970 1155 3265 1218 dexteras
3296 1155 3592 1238 iungunt.
3642 1156 3788 1216 ΑΕ.
3824 1156 3872 1220 Ι.

877 1241 1043 1344 ⁵jore
1132 1251 1415 1317 modulo
1504 1250 1662 1314 inde
1745 1270 1793 1311 a
1882 1246 2250 1311 Caracalla
2336 1246 2430 1310 ad

899 1349 1353 1439 Elagabalum
1415 1363 1629 1430 usque
1689 1344 2027 1430 perculsos
2101 1343 2299 1427 supra
2360 1343 2455 1404 in

903 1446 1273 1515 Caracalla
1339 1445 1677 1520 diximuS,
1760 1441 1830 1503 in
1891 1438 2140 1525 quibus
2207 1442 2431 1524 Augu-

869 1545 1151 1613 ¹Rarum
1205 1552 1413 1627 caput
1476 1539 1735 1623 semper
1790 1536 1994 1599 lunae
2044 1534 2429 1646 impolitum

902 1639 1329 1725 conspicitur.
1431 1634 1778 1716 Quoniam
1839 1653 1962 1718 per
2017 1633 2252 1696 omnia
2300 1632 2431 1692 Eu-

901 1756 1120 1821 ropae
1153 1732 1377 1796 musea
1399 1732 1633 1795 unicus
1658 1741 1920 1792 tantum
1937 1740 2295 1811 argenteus
2311 1727 2430 1788 hu·

900 1839 1011 1921 jus
1061 1827 1391 1916 Augustae
1431 1844 1672 1889 numus
1724 1822 1814 1887 est
1847 1825 2193 1908 cognituS,
2246 1841 2429 1884 mea·

876 1927 1056 1994 'rum
1097 1926 1223 1988 ess'e
1260 1926 1556 2010 partium
1616 1920 2014 1995 videbatur,
2069 1922 2210 2000 ejus
2279 1936 2430 2002 pro·

906 2027 1190 2092 bitatem
1231 2022 1321 2083 ad
1354 2037 1589 2082 omnes
1630 2019 1797 2080 artis
1859 2012 2120 2077 nostrae
2163 2012 2435 2098 regulas

910 2120 1297 2206 explorare.
1347 2118 1512 2181 Pars
1558 2111 1796 2176 aversa
1840 2112 2235 2197 incorrupta
2290 2128 2436 2172 cer-

908 2231 979 2282 te
1018 2212 1142 2292 est,
1193 2212 1493 2296 nullique
1549 2209 1902 2293 suspicioni
1956 2207 2309 2284 obnoxia,
2362 2215 2436 2267 ut

914 2314 1096 2381 adeo
1140 2310 1226 2372 de
1260 2309 1445 2373 numi
1494 2306 1903 2388 antiquitate
1941 2303 2242 2367 dubitari
2292 2300 2429 2364 nul·

912 2413 1180 2475 latenas
1212 2405 1442 2493 possit.
1494 2403 1860 2485 Reliquum
1899 2420 2058 2483 ergo
2085 2412 2302 2464 totum
2323 2418 2435 2461 ex·

914 2524 1117 2572 amen
1159 2504 1227 2566 in
1259 2521 1395 2565 una
1429 2500 1657 2563 antica
1710 2496 2028 2561 versatur.
2108 2497 2333 2559 Etiam
2367 2494 2438 2555 in

813 2643 826 2655 ι
911 2601 1049 2667 hac
1101 2610 1346 2685 caput,
1417 2595 1603 2681 quod
1653 2592 2119 2655 nitidissimum
2172 2589 2298 2672 est,
2364 2600 2440 2649 et

913 2698 1224 2763 fabricae
1288 2693 1685 2786 primaevae
1733 2705 1950 2771 opus,
2044 2686 2231 2747 omni
2276 2703 2441 2746 cura

809 2779 814 2783 ⁴
916 2793 1186 2855 liberat.
1269 2792 1360 2850 At
1417 2781 1887 2858 characterem
1962 2779 2290 2864 quoniam
2342 2778 2439 2842 10·

916 2888 1044 2950 lito
1077 2887 1374 2965 majores
1410 2881 1897 2960 nitidioresque
1946 2886 2064 2939 aut
2097 2875 2276 2953 funt,
2328 2886 2446 2938 aut

921 2978 1108 3064 quod
1146 2976 1414 3039 evenire
1464 2972 1964 3057 circumspectis
2013 2970 2219 3049 solet,
2288 2991 2442 3035 cum

922 3077 991 3141 in
1025 3091 1100 3144 re
1141 3071 1451 3156 singulari
1504 3072 1575 3133 in
1620 3088 1854 3133 verum
1911 3069 2295 3152 inquirunt,
2342 3079 2445 3130 ta·

918 3174 1020 3238 les
1086 3169 1444 3244 videntur,
1514 3166 1896 3252 scrupulum
1968 3165 2281 3243 injecere.
2356 3168 2446 3227 At

921 3286 1093 3333 vero
1156 3284 1307 3329 cum
1350 3263 1654 3349 repetitis
1714 3263 1892 3326 curis
1945 3260 2201 3325 nullum
2275 3260 2446 3325 indi-

924 3368 1104 3429 cium
1140 3374 1261 3426 aut
1283 3361 1567 3424 recentis
1604 3359 1947 3444 scalpelli,
2001 3368 2119 3420 aut
2153 3376 2447 3421 excava-

843 3505 848 3516 .
922 3477 1037 3526 tae
1077 3478 1321 3533 areae,
1403 3475 1579 3542 quae
1637 3455 2037 3518 meditatam
2091 3451 2447 3517 Faustinae

917 3558 1424 3642 inscriptionem
1484 3553 1919 3629 admitteret,
1990 3549 2450 3635 deprehende·

919 3674 1065 3718 rem
1102 3701 1122 3733 ,
1169 3662 1532 3737 praeterea
1572 3667 1732 3734 pars
1783 3647 1974 3711 numi
2016 3646 2452 3711 controversa

923 3748 1095 3810 nihil
1190 3748 1585 3830 primaevae
1675 3745 1953 3829 patinae
2056 3742 2449 3825 nigricantis

929 3840 1264 3915 amiserit,
1317 3859 1452 3920 qua
1487 3852 1774 3923 utraque
1823 3839 2005 3901 numi
2053 3857 2213 3921 pars
2261 3838 2447 3901 obte-

924 3939 1145 4023 gitur,
1198 3934 1680 3997 absolvendum
1719 3935 2006 4018 denique
2033 3931 2167 3995 fuit
2201 3934 2448 3997 illustre

924 4036 1059 4098 hoc
1113 4030 1493 4105 cimelium,
1548 4042 1614 4092 et
1652 4049 1804 4092 cum
1872 4043 2153 4115 propter
2201 4032 2445 4093 rarita-

923 4141 1062 4192 tem
1099 4145 1455 4189 numerum
1494 4126 1690 4208 hujus
1731 4122 2105 4211 Augustae,
2158 4138 2226 4188 et
2261 4129 2447 4210 quod

926 4211 1162 4291 unicus
1196 4224 1355 4284 item
1390 4240 1540 4283 cum
1567 4211 1699 4284 hoc
1734 4232 1906 4305 typo
1938 4219 2064 4302 est,
2117 4230 2259 4284 tum
2292 4242 2444 4305 pro·

927 4333 1081 4406 pter
1122 4319 1447 4382 eximiam
1505 4318 2089 4380 conlervationem
2135 4316 2443 4401 singulari

925 4434 1140 4501 gazae
1174 4412 1549 4478 Caesareae
1602 4425 2012 4514 ornamento
2046 4412 2250 4476 cedit.

2624 1249 2857 1312 Editus
2898 1248 2986 1312 est
3027 1270 3070 1312 a
3114 1249 3490 1313 Vaillantio
3515 1296 3534 1325 ,
3589 1263 3656 1312 et
3692 1249 4025 1314 haud-du-

2516 1344 2631 1410 bie
2671 1367 2756 1408 ex
2800 1346 3028 1409 museo
3070 1343 3487 1426 christinae,
3535 1364 3709 1408 nunc
3763 1348 4011 1409 Vatica-

2516 1461 2655 1518 no,
2706 1442 2775 1504 in
2816 1461 2951 1524 quo
2988 1443 3249 1526 integer
3303 1441 3509 1518 olim,
3580 1461 3666 1504 ac
3722 1441 4017 1505 nitidissi-

2516 1557 2671 1600 mus
2718 1534 3111 1600 servabatur
3138 1583 3159 1610 ,
3214 1549 3287 1599 ut
3323 1538 3480 1599 vide
3525 1538 3684 1622 ipie.
3772 1538 3871 1599 Ex
3914 1556 4014 1599 eo·

2514 1634 2674 1695 dem
2714 1634 2934 1696 editus
2976 1630 3063 1694 est
3095 1633 3186 1694 ab
3222 1632 3705 1719 Havercampo
3730 1636 3865 1713 ejus
3887 1651 4017 1695 mu-

2514 1728 2605 1791 sei
2644 1748 3005 1813 praecone.
3112 1728 3343 1811 Quare
3382 1730 3671 1809 mirum,
3730 1727 4016 1812 praecla-

2514 1844 2667 1886 rum
2716 1824 2893 1887 hunc
2932 1845 3206 1887 numum
3258 1826 3561 1907 ignotum
3592 1821 3786 1887 fuiss'e
3821 1823 4016 1886 erudi·

2517 1933 2594 1983 to
2628 1921 3012 1999 Beauvais,
3068 1933 3140 1984 ut
3178 1919 3316 2004 ipse
3346 1919 3643 1990 testatur.
3682 1907 3761 2003 1’)

3256 2014 3285 2043 ἢ

3431 2063 3466 2103 ἡ

2806 2112 3044 2179 Eadem
3075 2065 3352 2197 adversa.

2516 2210 2860 2276 PIETAS.
2906 2210 2974 2272 S.
3015 2208 3093 2273 C.
3162 2210 3416 2290 mous,
3477 2216 3553 2271 ut
3582 2206 3885 2294 supr-aiu
3924 2227 4015 2273 cr·

2514 2318 2909 2485 {353ch
2937 2305 3147 2371 eadem
3172 2300 3535 2388 epigraphe.
3564 2305 3729 2373 AE.
3765 2308 3815 2374 1.
3844 2302 4018 2389 (Mat

2800 2594 3000 2660 Numi.
3045 2595 3365 2658 commatis
3403 2594 3760 2681 peregrini.

2620 2782 2749 2848 Etsi
2784 2785 3041 2871 perrari
3071 2784 3143 2849 hi
3180 2803 3488 2870 quoque,
3536 2797 3775 2852 tamen
3827 2784 4025 2850 facili·

2525 2901 2605 2946 us
2643 2880 2840 2962 hujus
2870 2883 3131 2967 generis
3171 2901 3373 2944 unum
3419 2885 3731 2966 reperias
3757 2932 3781 2963 ,
3843 2901 4027 2969 quam

2528 2978 2894 3042 commatis
2931 2976 3249 3040 Romani.
3300 2976 3564 3061 Ephesii
3600 2978 3871 3065 aliquot
3896 2995 4030 3063 pro·

2532 3075 2682 3138 diti.
2735 3072 2965 3148 (Vaill.
3004 3091 3188 3144 num.
3231 3070 3510 3151 Graec.)
3579 3074 3888 3139 Aliarum
3941 3089 4032 3135 ur·

2529 3169 2716 3234 bium
2751 3170 2984 3233 varios
3028 3159 3668 3234 continet,'museum
3731 3172 4030 3255 Theupo·

2529 3267 2623 3350 li,
2672 3266 2883 3330 modo
2923 3265 3183 3349 probae
3217 3283 3454 3326 omnes
3492 3265 3678 3334 fidei.
3755 3263 4034 3331 Nonnul-

2531 3362 2640 3426 los
2684 3363 2934 3426 dedere
2980 3361 3294 3425 coloniae
3326 3360 3655 3445 Berytus»,
3716 3364 4033 3434 Ptolema-

2530 3460 2618 3536 is,
2668 3458 2907 3533 Sidon,
2942 3458 3197 3532 Troa5‚
3251 3475 3425 3538 quos
3442 3459 3602 3521 vide
3640 3461 3843 3546 apud
3871 3456 4035 3522 vail-

2534 3555 2819 3619 lantiurn
2871 3565 2939 3615 et
2977 3552 3429 3617 Pellerinium.
3516 3551 3819 3620 'Exstant
3872 3550 4036 3615 deni·

2533 3671 2665 3735 que
2703 3649 3146 3714 Alexandrini
3178 3647 3472 3730 inscripti
3504 3649 3582 3713 L.
3616 3648 3696 3715 E.
3719 3695 3743 3729 ,
3796 3649 3951 3734 quin
3982 3657 4042 3707 et

2534 3741 2743 3810 alium
2797 3765 2948 3808 cum
2985 3745 3065 3808 L.
3103 3748 3181 3809 Δ.
3231 3763 3317 3806 ex
3376 3746 3602 3809 museo
3647 3745 4039 3811 Ainslieano

2530 3844 2782 3928 adjecit
2809 3841 2896 3908 cl.
2930 3843 3183 3925 Zoega.

2870 4035 3070 4101 Numi
3102 4032 3250 4124 falfi
3298 4043 3412 4122 qut
3449 4036 3736 4122 suspecti.

2623 4223 2979 4290 Faustinae
3028 4228 3291 4307 numis,
3367 4229 3689 4311 quoniam
3760 4229 4045 4293 eximiae

2526 4319 2670 4387 sunt
2699 4324 3023 4400 raritati3‚
3072 4324 3255 4387 idem
3285 4327 3568 4402 accidit,
3624 4329 3821 4406 quod
3845 4327 4044 4387 Otho·

2524 4417 2653 4492 nia,
2705 4416 3068 4496 Pescennii,
3124 4421 3570 4504 aliorumque,
3609 4441 3909 4503 quorum
3949 4439 4046 4482 co·

1005 4628 1065 4691 a)
1103 4603 1385 4694 Suliplcm.
1426 4619 1500 4673 ad
1540 4618 1707 4672 vam.

1899 4620 1960 4692 b)
2003 4621 2131 4677 Hist.
2168 4621 2289 4684 abr.
2327 4624 2400 4675 Τ.
2435 4625 2481 4680 1·
2521 4637 2580 4691 P.
2612 4629 2739 4695 336.
