4242 5459
942 537 1090 621 3n
2011 514 3045 594 coRN.stERA.

943 739 1057 802 te,
1110 733 1179 785 et
1218 721 1461 786 eadem
1508 719 1752 787 aversa
1778 765 1798 798 ,
1852 735 2003 781 cum
2042 727 2272 781 tamen
2290 738 2485 805 prae·
2572 737 2708 802 quo
2744 729 3052 802 tempore
3089 717 3502 802 imperavit,
3547 737 3632 781 ex
3675 718 3812 806 ipiis
3850 727 3995 789 etiam

942 816 1246 888 cedentis
1298 819 1567 905 imperii
1627 815 1851 880 nullos
1908 813 2101 891 hujus
2170 815 2487 878 coloniae
2570 815 2790 876 numis
2825 814 3089 876 Latinis
3121 815 3259 895 ejus
3295 813 3604 897 Augusti:
3654 818 3994 883 AETERRI-

945 932 1193 982 numos
1224 911 1634 983 habeamus.
1687 910 2314 996 Reprehendendus
2351 910 2486 975 hoc
2567 910 2767 972 TAS.
2791 906 3067 973 AVGG.
3088 941 3184 956 —-
3230 907 3772 976 CONCORDIA.
3795 912 3992 979 AVGG.

944 1012 1105 1077 loco
1123 1011 1357 1094 ingens
1376 1009 1633 1073 Khellii
1669 1006 1921 1091 lapsus,
1961 1002 2025 1086 ⁸)
2077 1006 2194 1088 qui
2220 1006 2485 1090 persuaf
2566 1024 2702 1068 non
2743 1004 3020 1067 obscure
3060 1004 3422 1090 colligitur.
3469 1006 3641 1068 Nam
3672 1008 3888 1072 socium
3914 1010 3994 1072 im·

947 1109 1109 1174 dere
1179 1102 1299 1168 fibi
1360 1124 1497 1169 non
1553 1101 1822 1189 potest,
1897 1099 2089 1164 fuiss'e
2154 1100 2484 1188 Superam
2566 1101 2740 1187 perii
2771 1100 2775 1105 ’
2802 1099 3034 1164 saltem
3093 1099 3215 1163 fibi
3279 1101 3585 1185 agnitum
3622 1123 3749 1166 non
3785 1103 3993 1179 habaiu

937 1199 1309 1270 Aemiliani
1348 1221 1633 1264 uxorem
1674 1198 1911 1261 saltem
1961 1216 2047 1261 ex
2079 1196 2214 1259 hoc
2269 1203 2482 1281 Aege·
2569 1216 2729 1281 ergo
2766 1194 3110 1259 vocabulo
3133 1192 3409 1261 AVGG.
3441 1197 3714 1286 intelligi
3737 1199 3995 1264 aliusnon

943 1317 1076 1365 aco
1127 1293 1427 1382 Superae
1488 1315 1749 1372 numo,
1818 1295 2145 1377 quoniam
2204 1292 2481 1356 brevius
2564 1290 2821 1377 potest,
2873 1312 3110 1377 quam
3127 1289 3597 1373 Aemilianus
3640 1306 3704 1359 et
3732 1298 3990 1360 uxot-Au·

946 1392 1080 1457 fuit
1114 1391 1253 1474 ejus
1290 1394 1699 1479 imperium,
1751 1409 1955 1475 quam
2005 1401 2079 1452 ut
2112 1407 2157 1449 a
2201 1388 2480 1451 remotis
2561 1384 2768 1475 gusta.

945 1488 1056 1556 his
1088 1487 1413 1553 Cilicibus
1436 1488 1719 1573 intelligi
1744 1483 2087 1572 potuiffet
2109 1481 2300 1548 suiss'e
2326 1505 2479 1547 eum
2659 1484 2913 1546 Verum
2963 1488 3104 1568 ejus
3151 1504 3571 1571 praenomen
3612 1487 3783 1554 Caiae
3820 1507 3887 1550 ex
3911 1507 3990 1550 ιιιι

948 1585 1417 1652 adclamatum
1453 1586 1938 1668 imperatorem
1965 1627 1985 1658 ‚
2040 1591 2105 1642 et
2157 1599 2320 1642 mox
2369 1577 2476 1643 fe·
2558 1579 2690 1642 mis
2722 1579 3008 1657 Latinis,
3061 1593 3128 1644 et
3155 1580 3533 1644 Iulienfium
3571 1583 3872 1669 Phrygiae
3891 1595 3988 1645 tam

942 1681 1065 1745 riri
1096 1699 1360 1743 numus.
1412 1681 1728 1744 Animum
1768 1696 1900 1740 non
1940 1675 2240 1740 advertit
2275 1674 2381 1736 vir
2404 1694 2469 1737 e·
2554 1674 2835 1756 Haymii
2864 1722 2890 1751 ,
2939 1696 3144 1760 quam
3191 1675 3541 1742 Pellerinii
3591 1677 3904 1753 stabilitur,
3939 1687 3988 1738 at

944 1777 1215 1840 ruditus
1245 1775 1336 1839 ad
1375 1776 1621 1839 citatos
1668 1773 1867 1836 binos
1927 1770 2290 1834 Aemiliani
2350 1790 2466 1833 nu·
2552 1769 2965 1837 Vaillantius
3003 1784 3071 1834 et
3111 1770 3435 1837 Sestinius
3464 1774 3695 1841 oblato
3727 1795 3802 1838 ex
3828 1771 3989 1837 numis

947 1892 1102 1939 mos
1132 1872 1489 1956 Aegeaeos
1527 1889 1678 1933 cum
1712 1868 1955 1931 eodem
1993 1865 2302 1951 epochae
2341 1884 2469 1930 an·
2549 1862 2680 1929 suis
2718 1865 2864 1936 ΓΝ.
2904 1867 3134 1934 Caeeam
3168 1865 3465 1935 faciunt.

941 1988 1059 2036 no.
1112 1964 1429 2034 Ceterum
1461 1964 1653 2036 fuiss'e
1700 1961 2083 2030 Aemiliano
2131 1981 2471 2041 uxorem,

2233 2250 2787 2321 PRETIVM'.

1040 2451 1226 2519 Istud.
1253 2447 1463 2517 facile
1497 2446 1849 2535 colligitur·
1871 2467 1957 2512 ex
1994 2436 2301 2512 recitatis
2349 2447 2489 2529 ejus
2524 2445 2797 2526 naumis,
2839 2462 3003 2511 nam
3052 2443 3170 2513 alii
3208 2460 3575 2532 praeterea
3615 2452 3707 2520 ad
3739 2450 3845 2516 hos
3896 2459 3965 2508 us

956 2568 1092 2638 que
1128 2561 1401 2637 tempus
1453 2546 1709 2635 cogniti
1743 2563 1882 2611 non
1912 2543 2084 2610 runt.

2102 2827 2921 2900 VALERIANVS·

1040 3029 1119 3095 Γ.
1158 2996 1465 3094 Licini-us
1535 3022 1944 3088 Valerianus
2002 3033 2201 3086 natus
2275 3021 2490 3086 nobili
2571 3024 3059 3104 Treboniano,
3110 3036 3187 3089 ut
3239 3030 3653 3116 perduellem
3707 3024 3877 3095 armis
3920 3015 3981 3084 ad
4099 3006 4100 3047 ¹

956 3145 1198 3211 genere
1232 3135 1428 3212 patre
1483 3120 1786 3187 Valerio.
1841 3110 1994 3182 Post
2039 3119 2266 3183 obitos
2310 3120 2489 3183 vari·
2574 3121 2961 3207 obsequium
2995 3139 3379 3190 revocaret.
3451 3129 3538 3192 Et
3578 3142 3857 3213 magnum
3887 3122 3980 3197 jam

958 3247 1040 3291 os
1087 3220 1519 3309 magistratus
1570 3216 1799 3281 conlul
1836 3212 1969 3279 fuit
2014 3214 2251 3279 saltem
2307 3234 2488 3279 anno
2572 3219 2846 3303 quidem
2880 3220 3250 3283 exercitum
3290 3222 3359 3286 in
3399 3223 3771 3290 Rhaetiaet
3797 3214 3981 3282 Norico

948 3328 1039 3391 V.
1089 3323 1167 3387 C.
1220 3336 1384 3401 99⁰·
1441 3316 1625 3381 Nam
1680 3332 1863 3377 auno
1922 3312 2278 3394 sequente,
2350 3332 2487 3396 quo
2571 3326 3049 3390 contraxerat,
3101 3336 3338 3380 verum
3393 3323 3674 3399 audito,
3733 3308 3979 3381 Aemilia

948 3417 1281 3484 Gordiani
1310 3413 1543 3476 duom
1562 3408 1797 3475 Africa
1830 3404 2293 3495 Auguflidicti
2320 3409 2486 3492 sunt,
2568 3429 2728 3472 num
2764 3413 2906 3495 jam
2942 3411 3129 3474 viam
3186 3413 3254 3476 in
3309 3416 3577 3480 ltaliam
3625 3402 3979 3503 praecepiss'e

943 3516 1034 3583 ab
1091 3516 1197 3578 his
1255 3508 1670 3572 Valeria-nus
1751 3505 2118 3569 conlularis
2188 3504 2488 3568 Romam
2570 3505 2702 3569 five
2744 3505 3151 3590 desperata
3130 3528 3361 3593 ignavi
3402 3508 3801 3577 Treboniani
3835 3500 3979 3565 salute
4095 3508 4096 3559 3

942 3612 1172 3676 milrus
1204 3606 1452 3672 dicitur
1506 3623 1549 3668 a
1591 3601 1878 3668 Zofimo.
1928 3607 2017 3665 At
2057 3601 2489 3685 praeclarum
2571 3598 2846 3686 Augusti
2877 3600 3012 3686 ipse
3047 3604 3318 3667 titulum
3362 3611 3591 3696 capit,
3647 3610 3722 3671 de
3757 3619 3866 3687 qua
3899 3610 3979 3654 ra·

937 3691 1218 3772 senalus
1239 3705 1321 3765 de
1363 3720 1445 3764 eo
1480 3700 1808 3784 judicium
1847 3709 1992 3771 tum
2031 3698 2334 3762 maxime
2369 3717 2487 3809 pa·
2573 3698 2761 3759 tione
2810 3708 2876 3759 et
2914 3699 3149 3764 ordine
3187 3721 3412 3765 rerum
3467 3725 3551 3770 ac
3594 3697 3876 3786 temporis
3910 3704 3977 3749 vl
4095 3658 4096 3747 l

945 3802 1121 3877 tuit,
1173 3797 1449 3881 quando
1503 3795 1723 3858 Decio
1764 3806 2064 3857 veterem
2101 3812 2186 3857 ac
2229 3795 2343 3856 diu
2376 3796 2471 3857 in·
2554 3792 2690 3870 de,
2739 3812 2915 3876 quae
2959 3792 3159 3881 supra
3203 3797 3276 3861 in
3315 3798 3482 3864 trib..
3510 3795 3811 3887 potestate
3859 3785 3977 3849 Tre·

938 3892 1306 3958 termissam
1346 3890 1695 3955 censuram
1738 3900 2150 3968 revocante,
2202 3901 2271 3951 et
2311 3910 2470 3954 een-
2552 3885 2836 3955 boniani
2872 3890 3245 4015 disputavi

940 3990 1159 4056 sorem
1204 4008 1246 4052 a
1302 3985 1614 4074 patribus
1673 3980 2049 4069 postulante
2100 3988 2473 4050 eommuni-
3653 4010 3660 4017 ·

942 4084 1073 4151 bus
1145 4084 1386 4147 horum
1440 4079 1767 4164 suffragiis
1848 4080 2246 4166 gravissimo
2316 4082 2474 4146 huic
2924 4084 3008 4151 V.
3038 4084 3102 4150 C.
3136 4093 3302 4157 1006
3327 4091 3408 4155 P.
3437 4089 3531 4156 X.
3551 4108 3683 4175 w·

942 4182 1207 4246 muneri
1251 4196 1419 4242 unus
1472 4176 1756 4237 idoneus
1794 4174 2069 4238 habitus
2117 4173 2230 4242 est.
2266 4167 2331 4259 b)
2382 4180 2467 4251 V
2651 4177 2786 4244 ΤΕ.
2827 4180 2908 4244 Ρ.
2948 4181 3126 4250 COS.
3162 4187 3366 4253 DES
3403 4187 3490 4252 Η
3528 4187 3605 4250 P
3768 4171 3836 4241 P.
3864 4167 3925 4234 P.

944 4277 1256 4342 C.1ooo
1304 4268 1735 4333 Aemiliano
1718 4289 1784 4329 ιιι
1816 4269 2073 4332 Moesia
2106 4272 2468 4357 imperium
2549 4273 2622 4339 C.
2662 4273 2811 4341 Vib.
2856 4275 3187 4364 Volusiano
3224 4286 3406 4368 Aug
3437 4283 3578 4359 Π
3620 4180 3736 4343 ἔ
3761 4260 3976 4340 Valerio·

947 4373 1313 4453 arripiente
1355 4365 1589 4479 datum
1618 4361 1991 4426 Valeriano
2028 4370 2374 4450 negotium
2424 4389 2469 4430 a
3138 4378 3348 4445 Max
3373 4379 3484 4467 ‘qs

1010 4576 1078 4647 a),
1108 4570 1396 4648 διώρισα.
1427 4566 1503 4625 ad
1534 4568 1954 4644 valby-188,
2145 4568 2215 4644 b)
2246 4488 3962 4647 Tum
