4242 5459
1472 562 2269 682 GALLIE'NVS.

434 802 687 869 Nobile
726 801 861 867 hoc
910 802 1186 868 aversae
1227 802 1650 887 epigramma
1691 760 1887 866 Tra-k

328 906 500 987 jano
543 901 832 984 primum
879 920 961 967 ex
1016 900 1258 975 merito
1298 897 1597 961 delatum
1662 917 1869 982 quam

339 996 590 1083 dispari
631 1015 809 1058 nunc
859 996 1139 1060 domino
1180 993 1426 1056 servire
1481 993 1772 1077 cogitur!
1820 1069 1827 1075 ·

558 1096 581 1107 -
1104 1087 1133 1117 u

336 1179 442 1255 N.
652 1143 1194 1250 GALLfisNAE.
1214 1140 1725 1247 Aievs‘rAE.
1756 1184 1870 1249 ca-

623 1291 744 1367 put
793 1282 1052 1348 Gallieni
1080 1280 1277 1365 spicis
1328 1290 1708 1345 coronatum.

346 1377 706 1460 VBIQVE.
763 1379 960 1443 PAX.
1021 1375 1313 1442 Victoria
1345 1379 1412 1439 in
1459 1375 1628 1459 bigis
1661 1376 1723 1439 d.
1743 1376 1868 1461 fla-

336 1494 556 1557 grum.
606 1476 756 1536 AV.
797 1472 1038 1557 (Vaill.
1099 1491 1183 1533 ex
1235 1470 1391 1532 mus.
1447 1473 1621 1554 regis
1684 1470 1865 1535 Gall.

342 1566 673 1631 restitutus
714 1588 757 1630 a
789 1566 1278 1647 Barthelemyo
1313 1566 1381 1626 in
1423 1566 1631 1630 Mem.
1672 1567 1748 1629 B.
1785 1566 1864 1628 L.

341 1661 549 1726 Tom.
588 1663 833 1727 XXVI.
871 1683 938 1745 p.
972 1655 1180 1742 55¹·)

637 1753 1176 1825 GALLIENVS.
1212 1755 1281 1817 P.
1325 1753 1404 1816 F.
1454 1751 1658 1820 AVG.
1738 1752 1861 1822 Ca.

626 1861 747 1938 put
787 1851 1046 1916 GaHieni
1060 1849 1254 1935 spicis
1284 1842 1666 1916 coronatum.

345 1947 709 2030 VBIQVE.
754 1949 955 2011 PAX.
1016 1945 1307 2011 Victoria
1350 1948 1419 2008 in
1455 1944 1627 2029 bigis
1665 1945 1864 2033 d.fla·

339 2065 554 2130 grum.
624 2044 766 2108 AR.
840 2041 1043 2127 (Mus.
1109 2038 1328 2121 Caes.)
1379 2040 1572 2104 Alius
1601 2043 1867 2129 similis,

324 2140 445 2223 sed
472 2142 672 2224 capite
706 2161 829 2223 pro
874 2157 1044 2201 more
1072 2127 1346 2199 radiato.
1381 2136 1526 2197 AV.
1571 2132 1863 2218 (Band.)

637 2232 1177 2298 GALLIENAE.
1202 2227 1716 2293 AVGVSTAE.
1751 2230 1864 2294 Ca-

628 2340 750 2415 pat
790 2329 1049 2407 GaHieni
1063 2325 1255 2414 spicis
1295 2335 1677 2390 coronatum.

344 2424 818 2491 VICTORIA.
862 2421 1073 2489 AVG.
1125 2422 1489 2506 Imperator
1526 2422 1872 2505 paludatus

327 2526 508 2614 stans
551 2522 614 2589 d.
658 2521 913 2607 globum
934 2567 953 2599 ‚
1008 2519 1069 2602 fi
1124 2514 1354 2605 hastam
1408 2519 1824 2605 transversam
1848 2564 1867 2594 ,

346 2640 527 2705 quem
548 2622 731 2709 stans
771 2638 814 2682 a
854 2626 1035 2701 tergo
1091 2613 1382 2681 Victoria
1404 2623 1682 2680 coronat.
1717 2616 1868 2679 AV.

350 2715 819 2797 (Barthelemy
855 2711 905 2775 1.
945 2709 1040 2791 c.)

643 2805 1180 2874 GALLIENVS.
1223 2804 1301 2867 P.
1346 2804 1425 2868 F.
1466 2803 1679 2869 AVG.
1749 2804 1871 2870 Ca-

630 2915 754 2992 put
810 2904 1068 2968 Gallieni
1102 2902 1296 2988 spicis
1339 2911 1720 2965 coronatum.

348 3002 820 3070 VICTORIA.
847 2998 1055 3064 AVG.
1079 3000 1249 3065 Idem
1282 3004 1485 3080 typus.
1513 3000 1655 3061 AV.
1679 3000 1869 3076 (Bar-

352 3100 653 3181 thelemy
683 3097 727 3158 l.
758 3102 844 3172 c.)

453 3195 715 3257 Numus
768 3212 852 3254 ex
896 3190 1000 3252 his
1035 3189 1291 3274 primus
1339 3187 1692 3273 singularia
1725 3189 1869 3274 pla·

358 3311 444 3356 ne
471 3336 489 3368 ,
542 3308 626 3351 ac
660 3299 928 3373 praeter
965 3304 1227 3348 morem
1278 3286 1594 3350 continet.
1638 3283 1869 3364 Quare

360 3389 427 3449 in
492 3387 632 3466 ejus
703 3382 1043 3466 explicatu
1104 3376 1518 3445 eruditorum
1601 3398 1870 3463 quoque

357 3480 724 3545 sententiae
772 3478 1142 3541 variarunt.
1236 3478 1380 3540 Hos
1414 3476 1597 3561 ¹inter·
1653 3473 1871 3538 cense-

352 3577 479 3643 bat
518 3574 967 3648 vaillantius,
1025 3580 1177 3635 eu‘m
1218 3595 1261 3636 a
1295 3585 1590 3655 tyranno
1638 3570 1875 3655 quopi-

354 3694 469 3739 am
509 3673 577 3735 in
615 3668 906 3734 Gallieni
950 3668 1313 3732 ludibrium
1345 3667 1472 3730 effe
1504 3666 1875 3753 perculsum

361 3755 695 3835 Gaffienam
761 3766 1111 3855 Augustam
1186 3785 1337 3827 eum
1416 3762 1874 3847 appellando,

357 3878 686 3949 tanquam
750 3862 1067 3926 nimirum
1118 3881 1281 3924 vere
1331 3859 1682 3923 habendus
1719 3856 1877 3920 ell'et

358 3958 616 4024 femina
649 4007 669 4038 ,
723 3959 835 4042 qui
883 3957 1128 4042 ignave
1169 3957 1347 4029 adeo
1410 3955 1711 4017 summae
1775 3953 1875 4016 rei

356 4056 708 4144 praeesset.
762 4055 873 4119 Sic
908 4067 974 4116 et
1013 4073 1135 4138 pro
1176 4053 1408 4116 laurea
1434 4052 1722 4136 spiceam
1763 4069 1875 4134 ge·

358 4172 548 4229 rere,
590 4164 926 4235 ‘tanquam
961 4146 1313 4213 abdomini
1349 4150 1615 4233 potius,
1669 4165 1873 4229 quam

350 4247 536 4312 bello
581 4258 904 4325 vacaret,
956 4265 1156 4331 agere
1197 4244 1387 4330 bigas
1416 4292 1434 4322 ,
1489 4242 1669 4326 quod
1732 4241 1874 4304 vic-

356 4342 603 4406 toriam
633 4344 701 4406 in
734 4344 919 4405 circo
944 4344 1199 4427 potina,
1240 4360 1444 4423 quam
1468 4338 1637 4401 foris
1671 4356 1872 4420 quae-

420 4554 482 4619 n)
521 4550 601 4606 ad
632 4550 700 4606 L.
733 4551 811 4606 X.
848 4552 881 4624 ς
914 4548 1006 4615 68.
1196 4545 1258 4616 b)
1291 4549 1350 4599 in
1386 4547 1545 4602 Celso
1575 4558 1837 4620 tyranne.

3343 636 3475 707 411

1950 816 2173 883 reret,
2250 805 2560 873 additam
2629 805 3044 891 epigraphen
3107 807 3469 891 VBIQVE.

1948 899 2170 981 PAX,
2216 921 2368 964 cum
2397 901 2665 963 interim
2703 901 2885 964 nulla
2913 903 3067 965 ess'et
3090 906 3472 990 provincia,

1955 1014 2130 1078 quae
2148 995 2347 1059 bellis
2367 1008 2666 1063 vacaret.
2687 997 3470 1066 HactenusVaillantius.

1949 1090 2308 1153 Diversam
2355 1090 2446 1154 ab
2484 1090 2618 1181 boc
2646 1091 2830 1153 viam
2874 1092 3132 1155 secutus
3175 1094 3468 1158 Hardui-

1949 1203 2121 1263 nus,
2200 1188 2308 1249 cui
2356 1187 2478 1249 vix
2525 1206 2820 1267 unquam
2881 1205 3033 1249 cum
3096 1188 3470 1252 Vaillantio

1951 1280 2446 1363 conveniebat,
2496 1281 2810 1363 scriptum
2879 1281 3198 1345 adfirmat
3258 1282 3468 1346 GAL-

1947 1374 2308 1437 LIENAE.
2374 1372 2859 1438 AVGVSTAE
2925 1396 3047 1461 pro
3104 1376 3472 1440 GALLlE·

1949 1470 2091 1533 NE.
2133 1467 2591 1546 AvassrE,
2648 1470 2761 1553 qui
2799 1469 2883 1532 est
2920 1475 3218 1536 vocandi
3256 1475 3475 1555 casae,

1947 1565 2066 1628 illo
2099 1584 2275 1628 aevo
2311 1565 2844 1650 orthographiae
2881 1569 3179 1651 peccatis
3213 1590 3472 1653 nequa-

1950 1681 2156 1744 quam
2230 1660 2532 1724 inimico.
2603 1656 2977 1724 ⁴Coronam
3046 1666 3470 1748 gramineam

1948 1748 2276 1841 (spiceam
2323 1753 2497 1817 dixit
2539 1755 2987 1838 Vaillantius)
3035 1758 3158 1821 ell'e
3190 1760 3466 1843 symbo-

1947 1850 2088 1913 lum
2134 1870 2534 1935 magnarum
2575 1853 3062 1931 victoriarum,
3114 1874 3274 1917 nam
3338 1859 3471 1923 hac

1949 1946 2321 2009 bellatores
2359 1959 2624 2007 veteres
2668 1944 2825 2009 teste
2879 1947 3100 2012 Plinio
3167 1953 3471 2019 redimiri

1951 2041 2376 2103 consuevere.
2460 2039 2698 2121 Neque
2756 2062 2921 2104 vero
2970 2064 3244 2109 numum
3292 2049 3472 2115 hunc

1949 2137 2305 2199 dicterium
2325 2133 2709 2196 aculeatum
2732 2137 2801 2198 in
2817 2135 3281 2205 effeminatam
3310 2144 3472 2209 Gal.

1948 2230 2111 2293 lieni
2146 2231 2362 2291 vitam
2402 2230 2769 2308 continere,
2824 2230 3144 2316 liquidem
3188 2251 3474 2325 certum,

1951 2327 2019 2387 in
2066 2325 2287 2387 numis
2339 2324 2636 2406 antiquis
2681 2326 2905 2388 nullos
2962 2347 3315 2395 occurrere
3367 2338 3468 2415 jo-

1953 2440 2109 2496 εοε,
2163 2420 2429 2483 scurrile
2471 2419 2678 2498 nihil,
2730 2422 2901 2485 nihil
2951 2425 3290 2506 majestate
3333 2431 3471 2494 Ro-

1953 2534 2310 2579 manorum
2348 2515 2716 2601 indignum.
2803 2518 2979 2603 Ergo
3029 2541 3150 2605 per
3200 2528 3482 2608 omnia,

1955 2608 2131 2696 quae
2199 2612 2284 2674 de
2353 2611 2488 2675 hoc
2543 2613 2848 2698 principe
2914 2614 3111 2678 nobis
3179 2617 3473 2703 restant,

1955 2707 2227 2794 agnosci
2268 2707 2555 2785 debere,
2610 2726 2746 2770 non
2777 2708 2967 2775 fuiffe
2993 2711 3062 2774 in
3107 2712 3301 2778 bellis
3333 2713 3472 2780 for.

1953 2807 2198 2868 tiorem
2234 2853 2255 2885 ,
2308 2822 2441 2866 non
2474 2806 2843 2889 gratiorem
2889 2810 3147 2896 populo
3183 2812 3266 2874 R.
3328 2813 3478 2877 Ta-

1955 2920 2106 2964 men
2144 2901 2202 2963 is
2247 2911 2313 2962 et
2349 2898 2526 2961 hanc
2574 2901 2790 2965 serius·
2834 2904 3228 2971 sententiam
3286 2911 3475 2973 vale-

1953 3017 2026 3059 re
2059 2997 2285 3076 jussit,
2339 3017 2424 3060 ex
2465 3016 2601 3079 quo
2639 3001 2848 3063 menti
2904 3001 3290 3068 laudandae
3332 3005 3478 3070 bel..

1954 3093 2094 3155 lum
2150 3086 2440 3156 ἄσπονδον
2483 3094 2774 3173 indixit,
2847 3096 3236 3185 placuitque
3312 3102 3477 3169 bina

1956 3187 2302 3252 vocabula
2368 3186 2907 3255 GALLIENAE.
2982 3194 3480 3263 AVGVSTAE

1940 3285 2026 3350 .in
2070 3282 2282 3346 verba
2316 3284 2603 3345 totidem
2643 3285 3016 3364 resolvere,
3071 3302 3238 3371 quot
3277 3312 3360 3355 ea
3395 3294 3479 3356 li-

1960 3393 2145 3443 teras
2200 3379 2564 3443 continent.
2632 3381 2807 3442 Vide
2869 3385 3010 3463 ejus
3065 3384 3376 3451 Plinium.
3413 3396 3472 3467 ⁸)

1962 3473 2067 3538 Ab
2098 3472 2205 3534 his
2238 3472 2535 3535 diversus
2557 3473 3055 3549 Vallemontius
3089 3479 3297 3541 aliam
3334 3503 3479 3546 ma-

1959 3569 2086 3636 luit
2118 3567 2301 3650 sequi
2331 3568 2554 3645 viam,
2609 3568 2768 3651 quia
2812 3589 3054 3634 revera
3093 3571 3481 3644 Gallienam

1962 3662 2253 3749 reperit,
2321 3664 2388 3724 in
2449 3681 2654 3746 quam
2707 3664 2916 3748 possit
2980 3688 3062 3730 ea
3132 3670 3478 3759 inscriptio

1965 3760 2327 3843 quadrare.
2404 3762 2699 3821 Auctore
2759 3760 3149 3842 Trebellio,
3203 3754 3264 3850 1’)
3317 3770 3482 3835 dum
3591 3778 3596 3785 ‘

1964 3854 2313 3947 Gallienus
2364 3854 2635 3941 popinis
2675 3853 3072 3944 balneisque
3131 3862 3482 3932 immersus

1963 3951 2118 4014 ell’et
2143 3997 2163 4029 ,
2217 3948 2363 4013 Afri
2409 3950 2632 4038 celsum
2678 3953 3114 4037 imperatorem
3146 3962 3487 4044 appellum..

1959 4057 2109 4113 runt
2126 4096 2147 4128 ‚
2207 4046 2383 4131 peplo
2431 4047 2579 4110 deae
2627 4047 2895 4135 Caelestis
2958 4065 3269 4120 ornatum.
3353 4061 3482 4125 Hic
3595 4114 3602 4123 .

1952 4146 2250 4228 privatas
2285 4163 2366 4206 ex
2397 4140 2669 4209 tribunis
2710 4148 2777 4209 in
2835 4147 3070 4233 Africa
3127 4154 3366 4236 politus
3408 4161 3480 4222 in

1960 4242 2145 4324 agris
2165 4239 2305 4323 suis
2333 4239 2581 4304 vivebat
2601 4289 2619 4319 ,
2654 4241 2773 4326 sed
2806 4261 2879 4308 ea
2917 4248 3167 4334 justitia
3221 4260 3280 4312 et
3337 4273 3484 4315 cor-

1942 4338 2138 4421 poris
2184 4336 2612 4420 magnitudine
2628 4385 2646 4417 ,
2729 4350 2802 4406 ut
2871 4342 3105 4426 digitus
3167 4343 3492 4417 videretur

2834 4622 3000 4687 Fff
3045 4643 3081 4689 2
