4242 5459
1327 544 2340 680 T'I‘tEss'omAst:

284 784 521 877 l‘nfiani
555 797 775 861 numis
797 794 1142 862 tribunatu
1167 798 1296 862 lv.
1338 802 1612 867 notati&
1648 801 1803 869 Hoc

285 892 747 973 constitutofic
770 892 1214 961 verisimiliter
1252 896 1560 980 procedit
1606 892 1801 963 hilto-

285 992 418 1053 ria.
473 987 659 1055 V.C.
709 990 885 1051 1006
936 987 1114 1054 forte
1149 993 1646 1056 exeunte-Iulio
1680 995 1803 1058 im·

287 1086 555 1170 perium
610 1086 679 1145 in
731 1085 988 1149 Moesia
1058 1090 1297 1171 arripit
1354 1087 1803 1156 Aemilianus.

176 1217 182 1223 -
289 1180 371 1242 In
406 1182 545 1262 ejus
584 1193 815 1265 partes
855 1182 1310 1247 transitionem
1349 1182 1611 1250 faciunt
1640 1186 1810 1249 Cili-

287 1295 403 1341 ces
428 1322 453 1355 ,
504 1294 788 1357 quorum
827 1278 1256 1364 urbsrAegfae
1294 1283 1615 1346 continuo
1654 1302 1807 1346 cum

290 1375 436 1451 ejus
479 1389 562 1435 ac
597 1366 800 1438 Corn.
867 1370 1168 1460 Super-ae
1221 1376 1515 1460 imagine
1564 1399 1807 1443 numos

289 1462 497 1545 fer-it,
565 1480 933 1550 antequam
993 1474 1134 1551 ejus
1185 1491 1399 1537 annus
1438 1476 1607 1553 &qC
1663 1475 1808 1541 fors

285 1575 577 1651 exeunte
614 1563 894 1626 Octobri
923 1558 1308 1651 exspiraret.
1359 1568 1626 1638 Interea
1661 1573 1810 1636 Ale·

285 1660 606 1736 xandrini
641 1659 712 1720 in
752 1658 884 1722 fide
918 1683 1079 1746 erga
1112 1662 1624 1732 Trebonianum
1659 1688 1804 1753 per·

287 1744 555 1832 fistun‘t,
609 1755 724 1837 qui
767 1776 1011 1835 numos
1050 1758 1125 1824 L.
1172 1762 1243 1826 Γ.
1295 1780 1449 1824 cum
1504 1769 1645 1846 ejus
1697 1785 1808 1829 ca-

286 1852 427 1934 pite
466 1851 623 1913 inde
653 1870 698 1913 a
731 1850 843 1914 die
862 1852 1107 1918 XXIX.
1148 1854 1420 1941 Augusti
1448 1859 1637 1924 feriri
1657 1881 1809 1924 coe·

288 1959 445 2027 ptos
477 1965 1043 2037 magno-numero
1073 1950 1322 2035 signare
1342 1969 1648 2042 pergunt.
1676 1965 1807 2020 Au·

290 2044 435 2105 dita
467 2042 830 2107 Aemiliani
847 2046 1307 2129 perduellione
1330 2049 1807 2115 Trebonianus

234 2184 243 2193 .
286 2139 663 2202 Valeriano
710 2142 850 2222 ejus
886 2140 1068 2203 bello
1100 2142 1534 2225 persequendi
1572 2166 1807 2210 curam

282 2235 680 2299 demandat.
730 2233 795 2297 ls
844 2237 1127 2299 militem
1164 2238 1229 2298 in
1263 2236 1491 2304 Gallia
1542 2255 1608 2304 et
1643 2240 1806 2304 Ger·

1812 1272 1817 1279 ι

282 2333 519 2395 mania
557 2333 935 2409 contrahit,
991 2332 1101 2397 sed
1139 2338 1403 2397 moram
1436 2338 1650 2419 injicit
1674 2336 1805 2400 sive

280 2423 525 2514 pestiS,
577 2445 754 2510 quae
805 2448 888 2490 eo
925 2440 1234 2512 tempore
1262 2448 1385 2515 per
1409 2434 1803 2519 provincias

282 2513 564 2600 saeviit,
620 2522 749 2586 five
782 2524 880 2586 rei
922 2526 1361 2609 pecuniariae
1411 2523 1797 2613 angustiae,

288 2618 426 2692 sive
460 2616 747 2704 perfidia
770 2667 790 2696 ,
843 2618 973 2683 five
996 2640 1439 2704 quaecunque
1469 2625 1612 2689 alia
1641 2644 1797 2687 cau-

278 2711 405 2805 sa,
436 2735 639 2798 quam
661 2716 1076 2799 ignoramus,
1129 2717 1433 2783 Exeunte
1464 2740 1643 2785 anno
1664 2720 1796 2784 Ita-

277 2806 449 2873 liam
489 2810 696 2874 intrat
742 2813 1159 2901 Aemilianus
1206 2829 1455 2899 coepta
1501 2815 1799 2901 persecu·

276 2916 493 2972 turus.
558 2900 790 2971 'Circa
849 2907 1029 2972 idem
1061 2921 1328 2993 tempus
1397 2913 1802 2976 Valerianus

270 3002 348 3065 in
382 3001 678 3066 Rhaetia
712 3048 733 3079 ,
784 3002 893 3066 I'eu
942 3005 1128 3089 quod
1174 3002 1598 3071 Treboniani
1645 3026 1801 3072 cau·

240 3097 420 3162 ..sam
470 3111 752 3184 propter
793 3105 935 3180 ejus
966 3102 1312 3186 ignaviam
1373 3103 1797 3189 desperaret,

268 3192 389 3258 seu
431 3196 651 3280 copiis
703 3194 834 3257 suis
878 3194 1093 3260 fretus
1137 3198 1621 3281 imperatorem
1662 3198 1799 3262 sese

262 3290 624 3375 appellat,
697 3302 766 3353 et
822 3290 1157 3354 consulem
1208 3292 1273 3354 se
1326 3313 1479 3358 cum
1532 3286 1676 3375 filio
1727 3294 1798 3356 in

264 3405 541 3449 annum.
570 3386 950 3471 sequentem
1001 3386 1317 3474 designat.
1413 3390 1547 3454 luit
1581 3400 1796 3453 annus

273 3482 363 3551 V.
396 3480 475 3546 C.
508 3476 701 3575 '1002
737 3493 805 3545 et
831 3482 1256 3547 Treboniani
1280 3484 1658 3549 tribunatus
1677 3486 1795 3549 lv.

268 3577 433 3657 Ejus
477 3579 637 3641 anni
675 3578 894 3653 altero
951 3580 1220 3642 circiter
1271 3581 1490 3644 mense
1530 3580 1794 3644 Trebo-

261 3672 514 3737 nianus
554 3685 623 3736 et
660 3672 1057 3738 Volusianus
1094 3677 1586 3740 interimuntur.
1662 3679 1793 3738 Ae-

256 3768 588 3833 milianus
611 3819 633 3853 ‚
689 3771 853 3853 quia
890 3771 1200 3855 praesens
1225 3819 1245 3850 ,
1296 3774 1672 3859 imperator
1702 3772 1792 3836 ab

256 3865 570 3929 exercitu
622 3874 954 3951 utroque,
1007 3879 1075 3930 et
1121 3868 1431 3953 patribus
1488 3867 1791 3954 agnosci-

233 3972 401 4023 ·tur.
472 3961 733 4025 Bellum
783 3962 1103 4048 deinceps
1128 3965 1583 4027 Aemilianum
1618 3965 1792 4027 inter

254 4067 338 4119 et
388 4052 843 4124 Valerianum.
912 4059 1029 4121 llle
1063 4059 1192 4123 live
1230 4058 1499 4124 suorum
1530 4060 1788 4146 gladio,

254 4151 406 4217 five
441 4153 683 4217 morbo
722 4155 1099 4231 occumbit,
1152 4157 1553 4221 Valerianus
1617 4174 1784 4219 unus

240 4267 491 4313 rerum
535 4251 833 4335 potitur,
887 4270 1039 4313 eum
1063 4253 1398 4315 consulem
1442 4274 1593 4318 cum
1641 4250 1783 4315 filio

245 4345 632 4432 agnoscunt
688 4343 836 4409 fasti
893 4348 1170 4411 abolitis
1222 4351 1602 4434 prioribuS,
1670 4346 1787 4433 qui

3277 607 3417 699 3⁶5

1878 823 2131 866 annum
2168 821 2539 887 aperuere,
2593 803 2775 889 quod
2801 798 2969 891 olim
2996 810 3063 866 et
3102 800 3217 866 sub
3249 803 3404 869 Ela-

1877 899 2131 986 gabalo
2173 895 2457 963 factum.
3435 910 3442 915 ’

1975 994 2080 1057 En
2126 986 2571 1079 'probabilem
2602 1041 2621 1073 ,
2694 1007 2768 1056 ut
2826 994 3114 1077 opinor,
3179 1013 3406 1060 rerum

1882 1102 2200 1154 eventum
2239 1091 2596 1154 secundum
2639 1108 2996 1153 numorum
3040 1091 3398 1154 testimoni·
3440 1095 3450 1106 '

1882 1207 1994 1251 um
2017 1234 2040 1269 ,
2090 1199 2158 1250 et
2195 1206 2414 1269 neque
2438 1184 2790 1262 historiciS,
2842 1175 2962 1248 aut
2986 1185 3219 1249 saltem
3258 1207 3400 1250 ma-

1874 1283 2010 1366 jori
2041 1300 2275 1345 eorum
2310 1282 2488 1367 parti
2532 1281 2910 1344 adversum.
2994 1282 3258 1345 Etenim
3306 1294 3400 1344 te«-

1879 1375 2081 1441 nibus
2116 1376 2444 1456 Eusebio,
2495 1374 2935 1454 cassiodoro,
2987 1379 3402 1461 Epiphanio,

1880 1474 2222 1537 lornande
2246 1520 2265 1550 ‚
2320 1493 2490 1557 quos
2523 1472 2764 1536 laudat
2802 1472 3309 1551 Tillemontius,
3340 1476 3401 1548 ¹)

1882 1569 2195 1655 regnavit
2223 1569 2707 1653 Trebonianus
2752 1588 2967 1633 annos
3026 1567 3109 1636 11.
3144 1569 3399 1632 menses

1882 1665 2040 1747 lv„
2090 1660 2337 1751 nempe
2369 1667 2770 1729 tantundem
2796 1668 3154 1751 temporis,
3189 1678 3405 1748 quan-⁸

1881 1773 2024 1825 tum
2058 1763 2127 1824 in
2161 1781 2318 1826 mea
2362 1761 2675 1824 doctrina
2705 1766 2847 1843 ejus
2883 1763 3243 1845 imperium
3275 1780 3398 1824 oc-

1880 1871 2108 1944 cupat.
2163 1858 2270 1921 Ad
2302 1857 2475 1925 haec
2505 1858 2806 1921 Zonaras
2858 1858 3246 1921 Aemiliano
3279 1857 3402 1919 im·

1879 1954 2053 2038 perii
2085 1954 2342 2017 menses
2380 1953 2499 2028 lv.
2531 1953 2786 2015 tribuit.
2841 1952 2997 2033 Quo
3033 1955 3254 2015 minus
3284 1972 3400 2016 no-

1883 2047 2050 2111 strae
2094 2049 2340 2112 aetatis
2377 2046 2775 2131 chronologi
2820 2047 3061 2109 horum
3109 2045 3399 2110 testimo-

1879 2144 2009 2206 niis
2041 2141 2547 2217 subscriberent,
2601 2141 2950 2226 prohibuit
2989 2141 3134 2205 fere
3169 2144 3402 2206 unicus

1878 2240 2231 2302 Valeriani
2272 2235 2653 2303 consulatus
2681 2283 2700 2313 ,
2752 2239 2867 2321 qui
2905 2248 3134 2298 tamen
3170 2247 3236 2298 et
3264 2238 3404 2320 ipse

1880 2354 2000 2411 ea,
2047 2354 2185 2417 qua
2228 2334 2396 2410 dixi,
2448 2334 2711 2396 ratione
2743 2352 2878 2397 non
2911 2329 3276 2395 difficulter
3309 2333 3400 2394 se-

1876 2431 1938 2493 se
1973 2429 2486 2494 adcommodat.
2554 2427 2748 2511 Quae
2793 2429 2876 2491 de
2915 2425 3260 2491 Volusiani
3285 2429 3399 2491 tri·

1874 2527 2131 2591 bunatu
2174 2525 2289 2591 IV.
2324 2524 2769 2606 objiciuntur,
2818 2525 2890 2587 in
2927 2523 3122 2605 hujus
3169 2542 3401 2588 mone-

1872 2637 1948 2687 ta
1988 2620 2338 2708 explicata
2379 2619 2699 2703 reperies.

1969 2715 2348 2781 Postremus
2387 2714 2925 2780 Sanclementius
2972 2732 3227 2781 novam
3275 2732 3421 2779 nu-·

1873 2835 1998 2902 per
2030 2812 2347 2899 ingressus
2387 2810 2475 2875 est
2507 2812 2694 2875 viam
2727 2814 2817 2877 ad
2848 2808 3195 2876 molestum
3217 2810 3408 2875 hunc>

1876 2909 2057 2976 Galli
2078 2906 2497 2973 tribunatum
2519 2907 2636 2972 1v.
2665 2909 3124 2972 enodandum.
3144 2894 3212 2989 ι’)
3264 2910 3396 2969 Ve-

1875 3004 2146 3070 risimile
2190 3005 2290 3067 illi
2328 3003 2583 3083 visum,
2634 3003 3150 3067 Trebonianum
3183 3020 3322 3066 non
3355 3016 3417 3066 a·

1873 3114 2184 3187 tempore
2221 3099 2460 3163 mortis
2493 3100 2733 3179 Decii,
2785 3100 2898 3163 sed
2919 3099 3397 3184 Philipporum

1873 3216 2089 3264 annos
2114 3196 2388 3281 imperii
2432 3195 2526 3259 sui
2547 3212 2904 3260 numerare
2932 3195 3246 3280 coepisse,
3299 3206 3399 3258 at-

1870 3296 2021 3381 que‘
2049 3289 2220 3355 istud
2263 3290 2581 3376 exemplo
2633 3290 2905 3379 Severi,
2958 3310 3167 3373 quem
3203 3291 3394 3367 item,

1869 3394 2007 3465 ait,
2058 3385 2321 3451 omissis
2352 3385 2708 3451 Pertinace
2733 3384 3092 3452 et‘'1uliano
3129 3374 3415 3450 initian?

1868 3486 1963 3549 sui
2001 3483 2423 3573 principatus
2465 3501 2511 3544 a
2549 3482 2761 3545 caede
2807 3480 3173 3545 Commodi
3203 3480 3396 3544 fuiss'e

1868 3579 2311 3665 auspicatum.
2413 3574 2574 3656 Ejus
2627 3577 2938 3660 causam,
3010 3588 3084 3639 ut
3135 3577 3394 3653 visum,

1869 3672 2302 3763 probabilem
2352 3668 2622 3749 adfert,
2698 3673 2882 3755 quod
2932 3671 3393 3739 Decius·trib.

1867 3767 2223 3861 potestate,
2275 3786 2483 3852 quam
2519 3786 2654 3831 una
2677 3787 2829 3831 cum
2854 3769 3160 3832 censoria
3185 3764 3395 3855 digni-

1863 3880 2031 3945 tate,
2077 3868 2224 3949 jure
2255 3865 2533 3948 quintae
2566 3863 2948 3941 relationis,
3001 3873 3068 3926 et
3102 3883 3396 3947 procon-

1863 3963 2064 4029 sulari
2109 3960 2400 4046 imperio
2442 3958 2698 4023 senatui
2766 3960 3158 4045 populoque
3216 3952 3407 4024 resti-‘⁰

1861 4062 2034 4138 tuit,
2084 4055 2222 4142 ipse
2265 4057 2518 4132 caruit,
2570 4074 2653 4118 ac
2693 4067 3061 4142 propterea
3094 4057 3281 4120 nulla
3324 4077 3388 4119 e·
3477 4117 3490 4121 -

1862 4160 1970 4243 jus
2005 4158 2073 4219 in
2097 4153 2319 4215 numis
2337 4151 2531 4215 facta
2551 4153 2915 4217 mentione.
2972 4151 3204 4235 Quare
3225 4152 3391 4216 Tre·

1868 4253 2293 4327 bonianum,
2358 4268 2442 4311 ne
2493 4266 2617 4331 per
2671 4247 3018 4313 biennium
3083 4248 3249 4334 resp.
3307 4267 3391 4310 ea

1868 4347 2196 4436 potestate
2221 4344 2497 4409 caruiss‘e
2523 4344 2892 4424 videretur,
2932 4343 3222 4409 eandem
3242 4361 3390 4405 mo-

280 4570 287 4577 ·
326 4614 391 4677 a)
427 4609 580 4665 Nota
615 4613 733 4672 HJ.
772 4615 830 4667 in
868 4585 1114 4677 Gallum.

1307 4615 1362 4683 b)
1400 4608 1654 4687 deang.
1692 4632 1821 4668 aera
1855 4631 1913 4687 p.
1947 4628 2070 4683 304.
2108 4609 2218 4682 seq.
