4242 5459
1465 587 2166 670 PHILIPPVS
2264 559 2339 667 1.ss

3282 625 3441 692 ..327

309 779 434 847 bus
459 781 644 848 miffa
670 781 1077 868 indicarent,
1132 789 1399 860 causam
1435 811 1571 857 non
1592 793 1823 875 video,
1907 791 2317 857 xandrinum
2343 789 2626 875 exegiss’e
2646 811 2799 858 eum
2826 812 3037 861 annos
3054 795 3430 863 vitanLV

295 895 428 940 'cur
472 883 883 965 neglexerint
930 888 1288 950 monetarii
1339 892 1523 954 idem
1571 892 1821 954 docere
1903 891 2189 965 adserit,
2243 899 2315 952 at
2358 887 2655 951 Zosimus
2694 890 2902 953 debili
2944 911 3096 956 eum
3150 914 3273 979 per
3315 913 3400 959 ae

307 973 376 1034 in
421 979 634 1039 numis
667 983 920 1046 aeneis,
1010 986 1102 1043 At
1159 984 1556 1049 docebimus
1595 984 1813 1065 infra,

308 1069 685 1151 imperante
725 1074 1044 1161 Philippo
1087 1080 1152 1141 in
1196 1093 1470 1144 moneta
1491 1093 1814 1166 argentea

307 1176 590 1247 coeptos
637 1166 874 1253 signari
916 1191 1230 1237 numeros
1279 1190 1344 1239 et
1386 1179 1620 1240 literas
1659 1177 1808 1240 soli-

299 1261 516 1322 tarias
549 1307 569 1337 ‚
656 1284 824 1345 quas
877 1267 1151 1331 subinde
1207 1271 1599 1336 successores
1659 1292 1810 1336 cum

295 1362 491 1415 tanto
552 1361 1091 1442 antiquariorum
1159 1363 1428 1435 fastidio
1494 1367 1814 1454 multipli-

292 1464 565 1515 cavere.

454 1568 466 1579 .
1028 1552 1060 1586 a
1091 1577 1098 1584 .

598 1640 690 1707 Vt
727 1646 824 1711 lit.
852 1602 955 1714 ²3.
992 1660 1052 1714 et
1114 1607 1235 1716 Af
1293 1654 1492 1737 Caput
1548 1658 1614 1719 in
1667 1655 1814 1721 aliis

581 1739 862 1825 Philippi
898 1747 956 1809 I.
991 1749 1058 1808 in
1101 1750 1245 1812 aliis
1278 1750 1552 1836 Philippi
1588 1753 1687 1816 II.

290 1827 808 1900 SAECVLVM.
845 1841 905 1901 N
912 1840 1201 1905 OVVM.
1253 1846 1564 1932 Templum
1582 1849 1647 1910 in
1666 1846 1811 1913 aliis

274 1923 432 2017 fix,
483 1929 550 1990 in
591 1929 735 1994 aliis
767 1943 899 1997 octo
943 1935 1395 2020 columnarum,
1446 1945 1622 2006 intra
1642 1944 1813 2028 quod

290 2018 758 2108 idolum-sedens.
785 2031 932 2092 AR.
958 2033 1095 2093 ΑΕ.
1128 2033 1183 2099 Ι.
1206 2036 1287 2098 11.
1343 2040 1540 2110 (Mus.
1576 2037 1806 2118 Caes.)
1835 2065 1842 2072 ·

387 2117 643 2181 Eadem
687 2124 926 2186 aversa
967 2125 1177 2189 exstat
1214 2131 1419 2193 etiam
1473 2134 1538 2194 in
1585 2135 1802 2196 numis

287 2210 719 2294 Etruscillae‚
805 2219 1265 2302 Treboniam,
1319 2238 1386 2288 et
1437 2226 1804 2294 Volusiani.

573 2310 765 2376 IMP.
812 2313 1054 2379 CAES.
1105 2319 1199 2382 M.
1252 2320 1423 2384 IVL.
1463 2323 1801 2385 PHILIP-

575 2407 763 2474 PvS.
789 2408 997 2474 AVG.
1031 2413 1256 2497 ,Caput
1284 2417 1634 2482 laureatum
1655 2416 1803 2483 Plu·-

581 2500 732 2588 lippi
778 2506 880 2570 II.
934 2508 1018 2571 In
1050 2509 1173 2572 alio
1211 2521 1400 2595 caput
1430 2518 1666 2597 patris.

288 2592 777 2662 SAECVLVM
813 2600 1162 2670 NOVVM.
1221 2605 1289 2671 V
1288 2603 1499 2693 terque
1535 2609 1801 2695 imper-‘a-

287 2686 395 2756 tbr
442 2691 686 2759 velatus
733 2696 821 2761 ad
876 2717 1061 2763 aram
1096 2703 1464 2788 sacrificans
1531 2708 1803 2792 afflante

285 2787 531 2852 tibicine
560 2800 620 2855 et
658 2801 935 2877 quatuor
939 2796 1182 2884 figuris
1220 2799 1403 2880 aliis-‚⁰
1450 2809 1621 2866 retro
1650 2815 1797 2868 tem-

153 2941 163 2950 .
273 2884 450 2970 plum
491 2896 625 2953 octo
655 2887 1091 2955 columnarum.
1124 2895 1261 2960 ΑΕ.
1303 2915 1390 2961 m.
1412 2914 1501 2961 m.
1525 2898 1797 2983 (vain.)

629 3077 715 3146 V.
760 3079 826 3146 C.
863 3099 1042 3151 1002.
1067 3084 1145 3149 P.
1181 3084 1270 3150 Χ.
1304 3107 1457 3171 249.

386 3173 524 3239 TR.
561 3175 641 3238 Ρ.
685 3175 817 3241 VI.
856 3178 1035 3243 COS.
1069 3182 1216 3244 III.
1247 3186 1335 3248 P.
1371 3183 1468 3247 M.
1507 3184 1584 3247 P.
1613 3183 1699 3249 P.

325 3271 435 3333 M.
481 3269 828 3338 Aemiliano
872 3274 975 3342 II.
1003 3324 1023 3356 ‚
1074 3278 1262 3342 Iunio
1292 3277 1592 3364 Aqm'lino
1633 3282 1745 3367 1:qu

245 3509 250 3512 .
380 3458 785 3544 Iotapianus
837 3465 1254 3547 inoriente,
1326 3470 1405 3539 P.
1453 3468 1792 3534 Carvilius

277 3555 593 3618 Marinus
633 3558 698 3620 in
736 3561 988 3626 Moesia
1023 3576 1088 3628 et
1123 3566 1479 3630 Pannonia
1515 3567 1795 3652 imperi-

278 3667 396 3711 um
454 3651 825 3733 invadunt,
897 3658 1010 3738 sed
1067 3661 1297 3744 paullo
1379 3662 1518 3745 post
1576 3675 1792 3725 morte

275 3744 706 3814 adficiuntur.
758 3753 1112 3840 Philippus
1143 3757 1233 3820 ad
1260 3757 1647 3842 sopiendam
1675 3778 1794 3821 ex·

273 3842 925 3911 ercitus‘Pannonici
979 3851 1372 3915 seditionem
1419 3856 1792 3928 Traianum

231 3935 567 4012 ‘Decium
610 3941 848 4020 mittit,
903 3963 1100 4027 quem
1137 3951 1458 4014 continuo
1505 3950 1796 4040 milites,

272 4049 424 4114 quo
459 4051 742 4113 poenam
800 4043 1207 4122 evaderent,
1281 4044 1641 4131 Augustum
1697 4045 1788 4108 sa·

261 4127 519 4190 lutam.
569 4133 900 4197 Adversus
940 4155 1092 4202 eum
1128 4140 1291 4203 urbe
1319 4142 1608 4226 egressus
1641 4137 1791 4203 Phi-

260 4203 510 4307 lippus
549 4228 834 4307 praelio.
870 4234 1055 4316 apud
1089 4239 1448 4301 ¹Veronam
1507 4236 1792 4300 inferior

258 4319 501 4395 cadit,
549 4340 712 4384 mox
743 4324 920 4389 silius
956 4330 1021 4390 in
1066 4330 1228 4393 urbe
1255 4355 1298 4396 a
1321 4332 1790 4418 ’praetorianis

253 4414 332 4475 in
377 4412 614 4479 castris
647 4418 1055 4487 interficitur.
1094 4432 1150 4506 ⁸)
1204 4426 1783 4492 &stenima-Ale-

1897 996 2109 1048 tatem
2150 982 2339 1048 fuisse
2379 999 2664 1066 corpore
2705 999 2961 1050 narrat.

1985 1079 2263 1142 Durasl'e
2293 1079 2759 1161 Philipporum
2782 1082 3140 1163 imperium
3182 1103 3400 1168 usque

1889 1176 1979 1238 ad
2029 1175 2423 1259 inchoatum
2461 1177 2691 1237 saltem
2728 1189 3123 1240 autumnum
3153 1225 3174 1256 ‚
3244 1202 3366 1264 pro
3396 1223 3419 1236 .

1894 1269 2096 1333 batur
2160 1272 2455 1355 primum
2504 1290 2590 1332 ex
2646 1273 2865 1333 numis
2936 1274 3418 1343 Alexandrinis

1894 1367 2225 1448 inscriptis
2280 1365 2354 1429 L.
2399 1369 2483 1446 Z,
2539 1385 2706 1448 quos
2762 1369 3013 1429 necesse
3058 1367 3143 1431 esi
3182 1370 3307 1431 esse
3343 1372 3414 1435 si-

1896 1474 2138 1548 gnatos
2171 1463 2324 1524 inde
2365 1463 2671 1524 aXXlX.
2715 1461 2985 1547 Augusti
3024 1465 3181 1527 anni
3224 1486 3415 1547 prae.

1897 1559 2130 1634 sentiS,
2186 1574 2320 1639 quo
2367 1557 2984 1620 Alexandrinorum
3024 1577 3234 1622 annus
3268 1565 3413 1627 Vll.

1893 1654 2169 1737 incepit.
2222 1653 2485 1716 Deinde
2521 1653 2737 1716 numis
2759 1653 3067 1715 coloniae
3087 1656 3412 1741 Sinopen-

1894 1748 1971 1811 sis
2022 1767 2173 1810 cum
2226 1751 2449 1833 capite
2506 1747 3024 1834 Philipporum,
3108 1764 3175 1812 et
3231 1773 3409 1835 anno

1893 1842 2248 1907 CCCXIX.
2277 1890 2298 1921 ,
2377 1863 2578 1928 quem
2644 1845 2808 1907 item
2872 1845 3116 1929 *signari
3187 1849 3415 1912 decuit

1888 1941 2058 2002 inito
2097 1943 2234 2018 jam
2283 1952 2649 2016 autumno,
2730 1953 2801 2004 ut
2843 1952 3033 2022 patet
3070 1962 3155 2004 ex
3190 1944 3411 2008 calcu-

1891 2035 1960 2096 lo
1984 2054 2190 2096 aerae
2207 2032 2608 2119 Sinopensis,
2663 2025 3071 2117 scrupulum
3091 2039 3266 2101 male
3293 2060 3411 2103 au-

1888 2130 2217 2212 spicatum
2255 2128 2684 2212 chronologis
2723 2130 2950 2208 injecit
2989 2130 3410 2198 Froelichius

1888 2226 1980 2285 ad
2027 2222 2561 2286 contrahendum
2594 2222 2888 2308 Philippi
2920 2225 3280 2308 imperium
3320 2251 3408 2292 ex

1886 2317 2168 2401 vulgato
2216 2333 2337 2401 per
2394 2316 2820 2380 manifestum
2871 2337 3168 2383 errorem
3226 2337 3406 2386 anno·

1887 2432 2094 2476 aerae
2140 2411 2638 2484 Anazarbensis
2672 2415 2739 2476 in
2778 2433 2984 2476 numo
3027 2415 3266 2496 D‘ecii,
3318 2419 3407 2481 de

1889 2528 2023 2592 quo
2057 2508 2254 2584 vide,
2307 2529 2483 2593 quae
2519 2510 2853 2594 disputavi
2880 2511 2946 2572 in
2982 2514 3200 2574 numis
3223 2517 3404 2577 Ana-

1886 2604 2079 2668 zarbi
2111 2602 2420 2678 Ciliciae,
2470 2605 2629 2669 Alia
2666 2618 3064 2690 argumenta
3102 2610 3404 2692 promoti

1886 2719 2097 2782 usque
2158 2700 2229 2762 in
2291 2714 2684 2766 autumnum
2729 2701 2996 2786 imperii
3035 2722 3121 2766 ex
3174 2703 3400 2788 legum

1884 2796 2476 2880 subscriptionibus
2508 2800 2727 2883 petita
2766 2798 2922 2860 vide
2962 2799 3148 2884 apud
3182 2799 3387 2863 Tille-

1887 2895 2241 2958 montium.
2682 2959 2689 2966 ι

1980 2991 2160 3074 Ergo
2202 2987 2522 3073 Philippo
2568 2971 2826 3074 perfide
2861 2990 3243 3076 principatu
3278 3011 3399 3079 po·

1885 3086 2011 3148 tito
2045 3102 2309 3147 memor
2351 3085 2614 3148 sceleris
2658 3084 2958 3150 Nemesis
2991 3106 3191 3171 pares
3218 3090 3403 3151 vices

1882 3181 2215 3265 rependit.
2269 3178 2424 3243 Hoc
2454 3201 2656 3243 unum
2684 3193 3040 3263 peccatum
3064 3181 3106 3242 fi
3137 3182 3403 3259 demaS,

1885 3276 2150 3360 reliqua
2197 3278 2338 3358 ejus
2376 3277 2523 3337 vita
2574 3274 3085 3358 reprehensione
3132 3278 3402 3362 uidetur

1884 3370 2185 3434 caruisse.
2262 3367 2709 3431 Christianum
2746 3368 2934 3429 fuisse
2983 3369 3173 3429 multi
3217 3382 3401 3430 vete-

1883 3486 2067 3542 rum,
2123 3481 2293 3548 quos
2330 3464 2503 3536 inter
2541 3474 2609 3539 et
2640 3463 2846 3524 sancti
2871 3473 3101 3543 patres
3136 3460 3400 3523 exstite-

1883 3581 1990 3644 re,
2045 3558 2418 3622 memoriae
2456 3557 2951 3642 prodiderunt,
3004 3554 3189 3637 quod
3235 3575 3405 3619 exa·
3526 3633 3531 3640 ὓ

1884 3675 2039 3720 men
2076 3671 2229 3717 cum
2278 3654 2410 3714 mei
2452 3649 2725 3714 instituti
2763 3669 2896 3713 non
2927 3648 3041 3731 sit,
3086 3662 3155 3713 et
3188 3649 3396 3716 abun-

1886 3757 1969 3817 de
2032 3753 2363 3834 agitatum
2414 3745 2504 3809 ab
2563 3743 2875 3809 historiae
2927 3744 3404 3811 ecclesiasticae

1883 3826 2343 3932 scripto‘ribus,
2395 3862 2476 3907 ac
2502 3843 2894 3929 cumprimis
2932 3841 3399 3924 Tillemontio,

1884 3945 2002 4030 ipsi
2045 3946 2211 4005 ver'o
2249 3942 2433 4003 numi
2487 3952 2817 4024 perpetua
2868 3937 3190 4002 falsorum
3241 3942 3405 4003 deo·

1883 4060 2031 4103 rum
2075 4039 2416 4101 mentione
2468 4036 2879 4100 contrarium
2916 4035 3141 4118 potius
3192 4035 3402 4098 doce..

1885 4150 2039 4212 ant,
2091 4136 2264 4198 haec
2296 4132 2673 4212 relinquere
2700 4132 2957 4196 intacta
2991 4128 3242 4194 licebit.
3295 4129 3400 4194 In·

1883 4245 1985 4295 ter
2022 4232 2219 4296 divos
2281 4247 2417 4291 una
2459 4247 2611 4290 cum
2656 4226 2797 4290 filio
2855 4224 3145 4290 relatum
3192 4225 3403 4289 tradit

1880 4329 2286 4410 Eutropius,
2329 4326 2515 4387 numi
2564 4333 2810 4388 tacent.

1986 4426 2178 4486 onr
2217 4419 2481 4484 Otacilia
2503 4466 2522 4497 ,
2574 4420 2659 4482 de
2694 4439 2830 4503 qua
2865 4415 3066 4482 infra.

2760 4525 2783 4550 ι·

247 4609 252 4614 ’
327 4625 393 4694 ι)
437 4623 715 4682 Zosimus.
