4242 5459
803 626 944 693 me

791 793 1430 865 LIBERALITAS.
1475 784 1754 856 AVGG.
1791 786 1909 851 VI.
1950 786 2094 852 ET.
2128 787 2214 851 V.
2263 786 2331 854 S.

796 897 878 964 C.
935 897 1112 961 Idem
1149 903 1354 977 typus.
1406 888 1546 950 AE.
1593 887 1644 951 I.
1707 882 1911 968 (Mus.
1953 880 2186 964 Caes.)

901 993 1095 1057 Prior
1127 1009 1210 1051 ex
1229 987 1334 1048 his
1354 984 1574 1047 numis
1594 978 1811 1044 Getae
1844 978 2327 1043 liberalitatem

799 1093 887 1152 V.
919 1085 1261 1157 enunciat,
1316 1079 1661 1163 sequentes
1684 1074 2165 1138 liberalitatem
2189 1078 2327 1154 ejus

796 1184 885 1246 V.
921 1200 1071 1243 cum
1121 1177 1237 1240 VI.
1263 1173 1667 1238 Caracallae
1693 1182 2131 1256 componunt.
2184 1172 2326 1233 Mi..

796 1296 948 1342 rum
981 1276 1135 1337 sane
1180 1272 1521 1346 videatur,
1576 1266 1942 1331 memorari
1977 1258 2111 1329 h‘oc
2148 1285 2326 1329 anno

793 1369 1283 1437 liberalitatem
1321 1368 1404 1432 V.
1445 1363 1704 1440 Getae,
1758 1382 1909 1425 cum
1974 1356 2115 1443 ejus
2169 1382 2326 1424 con-

797 1469 1089 1555 giarium
1131 1465 1247 1530 Vl.
1299 1467 1437 1545 jam
1490 1454 1867 1525 viderimus
1926 1458 2018 1522 ad
2075 1477 2327 1521 annum

794 1568 879 1630 V.
913 1562 990 1627 C.
1017 1563 1176 1644 961.
1231 1562 1322 1621 At
1363 1556 1730 1620 veroidem
1749 1553 1881 1617 fuit
1907 1553 2121 1618 Getae
2154 1556 2223 1618 in
2243 1555 2326 1618 iis

793 1657 1232 1726 numerandis
1291 1652 1701 1726 institutum,
1772 1651 1956 1733 quod
2002 1648 2322 1714 Caracal-

797 1758 910 1820 lae
959 1777 1000 1818 a
1043 1774 1149 1816 me
1188 1752 1387 1835 supra
1418 1749 1506 1811 ad
1545 1750 1687 1831 ejus
1751 1765 1991 1809 numos
2045 1748 2203 1808 anni
2238 1746 2323 1811 V.

799 1851 876 1916 C.
932 1853 1074 1934 964
1110 1846 1563 1910 observatum.
1645 1841 1989 1923 Quamdiu
2032 1840 2321 1904 Severus

796 1948 973 2011 vixit
1003 1994 1023 2023 ‚
1075 1943 1194 2006 filii
1236 1961 1373 2004 non
1402 1940 1665 2002 suarum
1698 1935 2182 2000 liberalitatum
2208 1957 2322 2000 nu·

797 2062 1053 2119 meros,
1105 2039 1212 2101 sed
1250 2036 1504 2123 patri8‚
1559 2047 1873 2097 monetae
1914 2033 2321 2117 inscripsere.

793 2140 1080 2226 Egregie
1133 2130 1298 2198 istud
1342 2130 1426 2195 eir
1478 2132 1698 2194 numis
1750 2129 1903 2213 ipsis
1945 2128 2322 2197 conficitur.

795 2237 1066 2301 Etenim
1114 2232 1184 2295 in
1221 2229 1441 2292 numis
1484 2229 1714 2290 Severi
1750 2227 1837 2288 ad
1865 2245 2110 2287 annum
2134 2227 2219 2288 V.
2243 2223 2321 2292 C.

799 2335 929 2418 961
990 2328 1286 2394 vidimus
1318 2344 1638 2387 numum:
1690 2321 2321 2388 LIBERALITAS.

797 2423 1080 2493 AVGG.
1109 2423 1255 2501 v1.‚
1292 2420 1439 2485 etin
1466 2439 1548 2482 eo
1571 2415 1951 2505 propositos
1972 2416 2322 2499 Severum,

800 2520 1275 2595 caracallam,
1330 2530 1397 2579 et
1457 2513 1703 2577 Getam
1760 2513 1853 2577 ad
1903 2514 2320 2597 congiarium

801 2618 1223 2702 erogandum
1259 2611 1657 2677 adsidentes,
1723 2608 1933 2671 Sexta
1966 2628 2126 2691 ergo
2154 2608 2326 2671 haec

799 2714 1181 2777 liberalitas
1215 2708 1527 2771 omnibus
1556 2703 1774 2767 tribus
1807 2704 2187 2765 communis
2208 2704 2326 2767 ha·

797 2809 967 2874 bita.
1019 2807 1284 2869 Deinde
1318 2801 1612 2865 vidimus
1654 2799 1861 2860 etiam
1912 2798 2000 2860 ad
2038 2798 2327 2861 eundem

799 2922 1050 2966 annum
1074 2902 1322 2981 961‚in
1343 2894 1644 2960 omnium
1664 2892 1907 2955 horum
1933 2895 2153 2957 numis
2173 2914 2331 2957 ean·

804 3000 962 3065 dem
1000 2996 1173 3063 hanc
1203 2990 1688 3056 liberalitatem
1728 2989 1845 3057 VI.
1885 2986 2147 3051 seorsim
2187 3010 2324 3053 me-

801 3091 1102 3169 morari,
1156 3103 1341 3153 certo
1378 3097 1778 3169 argumento
1802 3132 1822 3163 ‚
1901 3084 1989 3147 ab
2022 3085 2129 3150 his
2162 3106 2325 3170 quo·

805 3210 939 3275 que
990 3198 1377 3251 numeratas
1425 3182 1634 3267 patris
1678 3180 2146 3246 liberalitates.
2197 3184 2326 3246 Ve-

802 3274 950 3351 rum
992 3296 1185 3373 patre
1225 3294 1494 3347 mortuo
1536 3278 1655 3341 filii
1696 3297 1812 3342 eas
1857 3290 2121 3342 tantum
2154 3278 2327 3343 libe.

777 3384 1115 3449 ,ralitates
1155 3378 1269 3443 fibi
1323 3377 1638 3465 proprias
1677 3370 1930 3451 fe'cere,
1981 3395 2159 3460 quae
2193 3378 2330 3440 col.

801 3480 989 3546 latae
1021 3476 1293 3541 fuerunt
1321 3523 1341 3552 ‚
1395 3494 1482 3536 ex
1536 3492 1670 3556 quo
1715 3472 1947 3535 saltem
1979 3475 2120 3556 jam
2158 3470 2329 3537 Cae»

803 3578 984 3642 sares
1026 3574 1188 3638 dicti
1222 3573 1384 3637 sunt.
1441 3568 1835 3654 Cumigitur
1868 3567 2184 3648 Severus,
2218 3591 2328 3634 cu.

801 3676 906 3755 jus
934 3665 1553 3761 congiariaomnia
1581 3666 1694 3728 sex
1719 3684 1999 3728 nurnero
2028 3663 2326 3748 fuerunt,

804 3785 1011 3827 unum
1056 3767 1195 3844 jam
1236 3760 1643 3826 distribuerit
1700 3781 1884 3825 anno
1933 3765 2018 3826 V.
2063 3759 2143 3825 C.
2184 3769 2326 3846 946

805 3858 1174 3924 Caracalla
1222 3857 1446 3920 adhuc
1480 3855 1792 3939 privato,
1843 3857 1976 3921 hoc
2013 3858 2323 3940 neglecto

800 3955 1057 4021 necesse,
1098 3950 1185 4014 est
1236 3949 1720 4017 liberalitatem
1761 3951 2164 4029 caracallae
2209 3977 2323 4021 an-

801 4054 878 4116 ni·
911 4048 1274 4137 praesentis
1300 4047 1423 4109 else
1465 4065 1744 4111 numero
1776 4048 2057 4114 sextam.
2124 4048 2324 4117 Cum.

581 4194 601 4211 .
709 4214 718 4223 ,
803 4167 935 4232 que
978 4158 1170 4232 pater
1201 4145 1487 4206 Severus
1529 4143 1665 4204 duo
1715 4146 2101 4229 erogaverit
2151 4144 2329 4213 Geta

803 4244 1029 4309 adhuc
1067 4241 1379 4326 privato,
1432 4239 1537 4301 his
1580 4238 1794 4302 missis
1828 4253 2102 4323 oportet
2134 4263 2328 4327 prae.

804 4339 952 4403 sens
1007 4336 1221 4400 Getae
1259 4333 1676 4420 congiarium
1708 4335 1832 4397 else
1865 4336 2102 4398 ordine
2139 4341 2326 4422 quin.

2176 583 2566 664 GETA.

2419 807 2552 870 que
2588 787 2915 875 Augustus
2936 783 3080 874 post
3109 787 3326 871 patris
3362 799 3651 850 mortem
3689 809 3775 852 ex
3792 790 3948 855 Bri·-

2418 886 2654 947 tannia
2696 887 2765 949 in
2802 885 3038 948 urbem
3074 896 3445 946 reverteret
3474 929 3492 958 ‚
3549 886 3729 966 quod
3769 890 3957 951 invi-

2416 991 2525 1043 cte
2576 981 2778 1046 docet
2826 982 3065 1043 addita
3104 977 3366 1063 lingulis
3406 980 3765 1045 Britannici
3823 1002 3945 1069 ap-

2416 1074 2723 1159 pellatio.
2776 1076 3026 1139 Iterum
3060 1074 3315 1158 quaeso
3350 1076 3597 1138 mirare
3640 1078 3951 1141 Vaillam

2415 1172 2500 1233 tii
2536 1164 2922 1258 ἁπροςεειαν,
2976 1172 3131 1254 qui,
3189 1189 3324 1251 quo
3361 1171 3516 1233 loco
3573 1173 3643 1233 in
3700 1171 3945 1235 lauda·

2414 1278 2560 1329 tum
2607 1287 2880 1331 numum
2923 1285 3204 1331 aureum
3255 1278 3798 1346 commentatur,
3853 1267 3944 1332 lic

2416 1363 2706 1426 differit:
2761 1362 2876 1428 hoc
2903 1362 3302 1427 liberalitatis
3335 1358 3683 1426 caracallae
3717 1373 3776 1426 et
3813 1366 3946 1428 Ge-

2413 1466 2517 1522 tae
2559 1470 3009 1524 monumentum
3043 1461 3109 1522 in
3162 1456 3347 1543 11qu
3380 1461 3585 1523 naumis
3629 1463 3769 1523 vivo
3820 1460 3941 1525 ad*-

2413 1551 2530 1619 huc
2569 1565 2757 1640 patre
2775 1603 2794 1633 ,
2847 1565 3178 1641 antequam
3233 1554 3321 1618 ad
3362 1552 3571 1620 benum
3602 1554 3939 1620 Britanni·

2412 1671 2548 1714 cum
2587 1672 2721 1716 cum
2787 1655 2927 1740 ipsis
2986 1650 3501 1737 proficisceretur,
3571 1648 3797 1714 editum
3830 1653 3935 1740 ςβ.
3964 1688 3971 1693 ·

2412 1746 2780 1810 Enimvero
2820 1751 2893 1811 in
2936 1748 3041 1817 his
3088 1748 3307 1808 numis
3349 1757 3630 1828 uterque
3687 1734 3959 1810 dicitur'

2411 1841 2866 1920 Britannicus,
2919 1864 3005 1907 an
3034 1861 3201 1907 vero
3240 1842 3372 1905 hoc
3406 1839 3630 1926 elogio
3664 1843 3940 1925 praedi-

2410 1938 2463 1997 ti
2502 1934 2733 2017 fuere,
2785 1952 3154 2022 antequam
3210 1938 3297 2000 ad
3361 1938 3615 2000 dictum
3682 1936 3947 2001 bellum

2412 2033 2719 2097 exirent?
2769 2038 2859 2098 At
2910 2036 3083 2097 enim
3124 2044 3352 2119 partes
3391 2031 3651 2095 anticas
3696 2035 3951 2098 tamin

2410 2131 2637 2192 numis
2673 2129 2977 2210 Latinis,
3030 2151 3237 2216 quam
3276 2126 3572 2192 Graecis.
3610 2127 3807 2192 nullo.
3830 2128 3942 2191 lo·

2412 2244 2503 2290 eo
2535 2223 2801 2292 habuit.

3165 2321 3199 2357 Q

2708 2417 2804 2485 Vt
2832 2418 2927 2483 lit.
2976 2374 3066 2485 54.
3101 2417 3200 2483 vel
3227 2419 3310 2483 B.
3342 2371 3378 2408 ⁶
3760 2487 3779 2495 ‚

2416 2514 2564 2577 TR.
2594 2514 2672 2577 Ρ.
2710 2514 2832 2577 111.
2886 2513 3076 2578 COS.
3132 2514 3217 2578 11.
3261 2515 3335 2578 P.
3384 2516 3461 2580 P.
3512 2516 3713 2583 variis
3740 2515 3961 2600 typis.

2416 2610 2565 2677 AR.
2611 2608 2751 2675 ΑΕ.
2798 2611 2854 2673 Ι.
2897 2611 2989 2675 Π.
3042 2609 3245 2694 (Mus.
3298 2608 3528 2699 Caes.)

2768 2803 2853 2870 V.
2903 2803 2968 2868 C.
2991 2806 3138 2888 965.
3192 2804 3272 2867 P.
3311 2804 3398 2870 X.
3447 2826 3590 2871 212.

2424 2896 2563 2969 ΤΚ.
2582 2900 2666 2965 Ρ.
2689 2900 2826 2968 IV.
2850 2900 3031 2967 COS.
3056 2902 3159 2967 ΙΙ.
3194 2900 3276 2965 Ρ.
3297 2901 3379 2971 P.
3411 2900 3663 2968 PIVS.
3685 2898 3953 2968 BRIP.

2511 3091 2889 3177 Desperata
2907 3089 3194 3157 fratrum
3232 3091 3641 3169 concordia,
3690 3090 3958 3157 turbis-

2419 3208 2549 3272 que
2602 3208 2725 3274 per
2776 3190 3138 3274 imperium
3187 3186 3273 3252 ei<
3342 3208 3578 3252 eorum
3636 3187 3958 3254 discidiis

2418 3285 2636 3347 indies
2672 3284 3120 3349 crescentibus
3172 3285 3257 3347 de
3311 3284 3681 3351 dividendo
3718 3283 3957 3368 impe-

2418 3382 2526 3445 rio
2575 3379 2920 3444 confilium
2944 3382 3224 3457 ineunt,
3277 3381 3462 3465 quod
3502 3391 3741 3465 agente
3791 3399 3959 3443 ma-

2418 3488 2523 3540 tre
2562 3479 2982 3563 repudiatur.
3030 3473 3097 3558 ⁸)
3190 3476 3505 3541 Tandem
3570 3473 3967 3540 Caracalla.

2423 3570 2670 3636 Getam
2703 3574 2792 3637 ad
2839 3592 3072 3636 necem
3119 3574 3237 3635 diu
3280 3569 3524 3635 frustra
3565 3569 3959 3655 quaesitum

2424 3671 2618 3755 (nam
2656 3668 2932 3733 acribus
2972 3666 3286 3731 custodiis
3318 3668 3597 3730 salutem
3633 3666 3962 3730 munive-

2417 3778 2526 3828 rat
2544 3764 2605 3848 ‚)
2651 3763 2798 3850 post
2845 3764 3158 3828 simulato
3190 3783 3425 3827 amore
3459 3765 3528 3826 in
3569 3763 3744 3826 retia
3784 3782 3962 3846 pet-

2417 3874 2706 3925 tractum
2755 3863 2822 3925 in
2864 3860 3001 3923 finu
3038 3861 3274 3924 matris
3316 3857 3638 3922 interficit
3688 3858 3964 3925 aetatis

2418 3978 2598 4023 anno
2645 3959 2859 4022 XXII.
2908 3956 3129 4020 mense
3169 3957 3291 4024 lx,
3370 3954 3478 4017 Ex
3516 3954 3649 4018 hoc
3691 3953 3965 4020 Dionis

2415 4050 2797 4116 testimonio
2815 4042 2877 4137 l')
2927 4066 2993 4116 et
3023 4055 3347 4137 quoniam
3364 4050 3763 4135 Spartianus
3781 4070 3965 4116 eum

2419 4151 2531 4211 die
2571 4148 2849 4214 XXVII.
2920 4151 3094 4232 Maji
3130 4161 3365 4213 natum
3402 4145 3672 4230 statuit,
3740 4146 3960 4211 chro-

2424 4244 2664 4331 nologi·
2709 4248 2849 4327 ejus
2906 4259 3193 4308 mortem
3248 4244 3519 4309 exeunti
3556 4240 3965 4308 Februario

2411 4343 2570 4404 anni
2618 4340 2983 4425 praesentis
3039 4341 3344 4427 adfigunt
3365 4379 3413 4416 ‚-
3466 4340 3551 4401 de
3588 4357 3725 4423 quo
3777 4339 3966 4405 vide

803 4446 975 4501 tum.
1053 4431 1517 4517 Dispensatum
1560 4449 1720 4515 ergo
1768 4428 1899 4514 est,
1950 4452 2105 4496 cum
2142 4449 2326 4502 uter·
2407 4436 2609 4523 plura
2639 4438 2709 4501 in
2751 4449 3050 4503 tractatu
3095 4439 3180 4501 de
3230 4435 3389 4500 trib.
3435 4430 3793 4521 potestate.

873 4644 930 4712 a)
969 4640 1270 4697 Herodian.
1463 4639 1522 4713 b)
1569 4641 1636 4705 1..
1674 4642 1978 4700 Lxxvu.
2011 4642 2047 4715 5
2085 4658 2149 4700 a..
