4242 5459
1251 553 1721 634 D1D1vs
1821 551 2499 637 1vL1ANVS.
3311 557 3450 663 α,

594 758 942 827 IVLIAN.
978 755 1191 828 AVG.
1246 759 1451 848 Caput
1479 761 1832 828 laureatum
1916 764 2101 849 quod
2131 782 2299 850 prae
2348 759 2667 825 manibus
2723 757 2976 842 habet,
3030 784 3118 828 ex
3161 779 3431 832 remoto

595 858 667 920 in
710 858 865 924 ΑΕ.
899 859 962 924 I.
1913 862 2119 946 petit,
2174 875 2342 923 cum·
2367 860 2608 921 eodem
2646 857 2803 923 teste
2847 872 2914 922 et
2965 872 3164 946 pater
3214 861 3432 927 Seve-

883 1007 915 1038 „
946 987 969 996 -
1063 955 1094 990 ¹⁹
1152 997 1163 1008 -
1240 1010 1271 1044 ,ι
1520 960 1527 966 ’
1913 976 2027 1019 rus
2067 958 2285 1020 dictus
2320 955 2442 1018 fit?
2498 957 2710 1020 Addit
2745 958 2986 1020 eodem
3022 957 3217 1022 loco:
3272 977 3433 1024 cum

293 1047 1119 1122 CONCORD.·M1L1T.
1192 1053 1457 1121 Mulier.
1470 1055 1841 1140 stan-rrum
1913 1051 2144 1115 consul
2186 1053 2559 1139 designatus
2596 1052 2859 1120 Didium
2895 1053 3214 1124 Iulianum
3247 1058 3432 1140 impe-

295 1149 468 1214 bim’s
497 1149 705 1235 signis
729 1148 1133 1217 militaribus.
1186 1155 1331 1239 AY.
1392 1151 1543 1214 AR.
1595 1150 1736 1216 AE.
1773 1148 1826 1212 Ι.
1909 1158 2190 1215 rator-em
2216 1150 2496 1214 incuria
2530 1151 3015 1234 proclamaret,
3057 1152 3438 1237 suggessisse

292 1245 391 1309 11.
442 1245 654 1328 (Mus.
696 1243 919 1329 Caes.)
1458 1293 1469 1300 .
1913 1246 2287 1311 Iulianum:
2343 1245 2580 1311 adden
2609 1247 2928 1325 Severum,
2983 1251 3168 1332 quod
3187 1250 3436 1312 ominis

290 1323 377 1403 ἱ).
415 1341 516 1403 Μ.
559 1341 625 1404 T
629 1344 713 1409 R.
739 1344 816 1406 P.
859 1341 1050 1412 COS.
1104 1346 1345 1432 Mulier
1375 1345 1559 1432 flans
1597 1340 1657 1407 d.
1703 1363 1826 1428 gu·
1909 1340 2111 1406 instar
2147 1343 2460 1408 habitum
2510 1342 2662 1408 fuit.
2712 1345 2981 1407 Nomen
3018 1342 3187 1408 istud
3218 1347 3435 1410 omni-

292 1436 733 1515 bernacum,
771 1440 832 1526 s.
862 1446 1286 1530 cornucopiae.
1339 1445 1486 1508 AV.
1511 1441 1656 1505 AR.
1684 1439 1826 1504 AE.

292 1533 352 1596 1.
393 1534 483 1596 11.
536 1534 741 1608 (Mus.
801 1534 1028 1619 Caes.)

290 1621 698 1715 RECTOR.
750 1632 1038 1700 ORBIS.
1170 1638 1534 1721 Imperator
1594 1632 1834 1701 velatus

274 1728 497 1816 statu,
550 1726 651 1811 (in
695 1731 898 1794 aeneis
910 1731 1163 1818 sedens)
1216 1735 1276 1798 d.
1320 1732 1598 1819 globum.
1676 1735 1824 1798 AV.

288 1825 447 1887 AR.
490 1823 630 1889 AE.
681 1829 732 1898 Ι.
783 1825 988 1909 (Mus.
1022 1829 1249 1911 Caes.)

390 1922 546 1984 Hos
592 1920 769 1984 solos
813 1922 1059 1988 Iuliani
1092 1927 1355 2014 probae
1391 1926 1552 1991 fidei
1584 1947 1825 1991 numos

290 2017 490 2090 novi.
543 2017 820 2095 Alium,
868 2018 983 2083 sed.
1018 2025 1132 2108 qui
1193 2023 1425 2086 media
1478 2023 1572 2086 sui
1626 2036 1825 2109 parte

291 2115 391 2177 ad
434 2111 835 2177 Scantillam
873 2117 1201 2201 pertinet,
1251 2122 1322 2183 in
1355 2118 1549 2200 hujus
1595 2139 1851 2183 mone-·

1911 1437 2038 1504 bus
2083 1442 2314 1504 aeneis
2347 1440 2398 1507 1.
2440 1436 2707 1504 formae
2745 1440 3135 1527 inscriptum
3165 1441 3438 1526 legitur.

2011 1536 2329 1602 Commodi
2348 1555 2593 1600 nomen
2614 1535 2878 1599 Iuliano
2898 1537 3206 1599 indidere
3232 1557 3439 1623 prae-

1913 1633 2165 1697 toriani
2208 1653 2294 1696 ex
2330 1631 2579 1698 affectu
2616 1634 2684 1696 in
2723 1634 3099 1719 principem
3135 1632 3254 1696 fibi
3279 1654 3438 1698 mo-

1909 1729 2098 1793 ribus
2139 1728 2569 1798 simillimum.
2611 1734 2663 1808 e)
2715 1729 2873 1811 Ejus
2931 1731 3272 1793 mentione
3310 1729 3434 1793 ab·

1910 1824 2147 1896 stineut
2175 1827 2363 1890 numi
2395 1848 2439 1889 a
2465 1828 2634 1890 viris
2658 1826 3157 1911 circumspectis
3194 1824 3432 1912 vulga-

1910 1925 1982 1988 ti.
2037 1928 2109 1990 In
2152 1923 2397 1989 horum
2447 1942 2735 1987 numero
2798 1922 2845 1985 si
2900 1922 3436 1988 Mediobarbum

1876 2021 2234 2106 ·putabis,
2305 2019 2643 2085 Iulianum
2718 2038 2808 2083 ex
2864 2021 3087 2085 numia
3161 2039 3438 2106 quoque

1908 2114 2370 2184 Commodum
2417 2115 2734 2181 habebis·
2787 2117 2792 2122 ’

283 2221 369 2273 ta
404 2207 734 2274 recitabo.
813 2210 920 2276 Ex
963 2218 1149 2278 omni
1199 2219 1341 2300 ejus
1388 2227 1667 2278 moneta
1700 2213 1825 2277 soli

283 2308 480 2370 numi
526 2304 846 2390 postremi
895 2329 1016 2394 per
1064 2311 1562 2395 inscriptionem
1612 2308 1824 2372 REC-

284 2403 518 2468 ToR.
560 2402 827 2467 ORBIS
874 2407 1379 2484 memorabileS,
1433 2425 1609 2488 quae
1642 2423 1820 2469 nunc
2112 2471 2119 2480 ,

282 2499 588 2585 primum
636 2501 967 2581 occurrit,
1024 2523 1068 2566 a
1103 2503 1344 2589 paucis
1392 2502 1671 2565 subinde
1718 2521 1818 2564 re·
1872 2511 1883 2522 ’
2007 2498 2307 2588 Εῒίεξης
2350 2501 2597 2566 dicitur
2616 2503 2685 2566 in
2706 2523 2911 2568 numo
2940 2502 3430 2582 Alexandrino,

282 2608 567 2660 vocata.
624 2595 773 2682 Ipsa
817 2619 941 2684 per
971 2598 1031 2663 se
1075 2611 1282 2686 captu
1320 2597 1548 2664 facilis
1600 2598 1814 2685 expli·
1905 2591 2110 2684 quem
2146 2598 2455 2683 vulgavit
2488 2598 2837 2682 SestiniuS,
2888 2602 2999 2664 sed
3021 2603 3106 2664 de
3153 2619 3288 2685 quo
3329 2601 3429 2662 vi-

283 2694 564 2758 catione
598 2712 738 2756 non
775 2708 944 2779 eget.
1900 2697 1992 2759 de
2023 2705 2247 2759 meu’m
2270 2694 2598 2779 judicium
2631 2698 2698 2759 in
2719 2699 3235 2761 hac·numorum
3265 2695 3426 2761 cias-

1901 2792 1988 2856 se.
2043 2794 2151 2857 De
2184 2812 2390 2856 numo
2421 2792 2937 2877 Aphrodifiadis
2971 2815 3130 2859 -cum
3181 2795 3432 2857 eodem

1901 2890 2101 2953 titulo
2135 2888 2370 2975 paullo
2408 2889 2607 2975 supra
2643 2892 2922 2977 egimuS.

2559 2311 2783 2377 Pius.

556 2869 779 2952 ‘Numi
825 2893 1146 2956 commatis
1183 2893 1525 2977 peregrini.

384 3080 476 3142 ld
524 3099 720 3163 genus
754 3086 944 3146 numi
980 3086 1205 3149 adhuc
1265 3105 1400 3149 non
1447 3085 1811 3164 observati,

280 3173 418 3239 nisi
454 3176 632 3257 quod
654 3197 864 3263 nuper
883 3200 1050 3244 unus
1073 3180 1385 3245 Sestinius
1418 3203 1651 3246 eorum
1674 3195 1812 3245 tres
3396 3247 3399 3251 ,

279 3272 643 3357 vulgavit,
693 3295 895 3339 unum
939 3278 1253 3341 coloniae
1300 3283 1654 3364 Apameae
1704 3280 1812 3344 Bi.-
1995 3280 2295 3345 Iulianus
2328 3278 2400 3341 in
2433 3277 2655 3340 numia
2695 3277 3012 3344 omnibus
3052 3276 3314 3364 probae
3349 3275 3425 3341 fl·
3537 3281 3545 3289 ‘

270 3370 613 3452 thyniae,
685 3368 748 3450 ⁸)
820 3373 1335 3458 Aphrodifiadis
1391 3374 1688 3452 Cariae,
1747 3387 1814 3437 et
1897 3380 2007 3441 dei
2061 3376 2252 3439 COS.
2317 3374 2699 3458 simpliciter
2757 3376 3172 3447 inscribitur;
3258 3393 3420 3437 nam

273 3465 860 3534 Alexandrinum.
915 3458 977 3551 b)
1048 3470 1183 3534 Sed
1227 3472 1471 3533 horum
1508 3473 1811 3533 omnium
1897 3472 2338 3539 Mediobarbi
2377 3490 2652 3532 numum
2680 3471 3065 3554 inscriptum
3105 3469 3296 3532 COS.
3334 3468 3423 3532 11.

272 3561 663 3647 suspectam
702 3561 904 3627 fidem
945 3578 1134 3651 puto.
1186 3569 1361 3630 Vide
1386 3613 1406 3643 ‚
1460 3584 1636 3650 quae
1668 3568 1811 3629 dixi
1897 3569 2369 3655 negligendum
2405 3563 2727 3628 existimo.
2781 3567 3046 3626 Tamen
3095 3584 3179 3627 ex
3212 3564 3423 3647 Spar-

269 3658 346 3722 in
368 3658 603 3724 numis
638 3659 1116 3727 Alexandrinis
1134 3661 1810 3747 Achilleityranni.⁰)
1894 3666 2065 3729 tiani
2111 3662 2503 3727 testimoniis
2535 3707 2556 3736 ,
2643 3661 2916 3742 quaein
2981 3658 3271 3736 Iuliane,
3354 3671 3422 3721 et

1898 3762 2154 3825 Severo
2183 3757 2431 3836 refer-t,
2482 3756 2781 3820 Iulianus
2816 3768 2918 3818 ter
2939 3804 2957 3833 ‚
3027 3770 3144 3819 aut
3177 3755 3414 3819 saltem

1896 3857 2003 3923 bis
2039 3856 2364 3943 processit
2402 3852 2649 3918 consul.
2727 3853 3246 3928 Tillemontiu8‚
3299 3856 3419 3937 qui

1897 3955 2180 4019 dubium
2218 3950 2411 4030 istud,
2446 3951 2556 4013 sed
2587 3950 2906 4014 incassum
2940 3951 3261 4035 expedire
3297 3969 3413 4012 co-

1895 4065 2137 4128 natur,
2206 4048 2506 4113 iucusare
2555 4046 2689 4110 hoc
2740 4047 2896 4110 loco
2994 4060 3084 4122 ut.
3127 4059 3193 4109 et
3241 4047 3415 4109 alias

1893 4149 2116 4235 saepe,
2167 4147 2567 4233 scriptorum
2621 4144 3049 4208 oscitantiam
3108 4145 3408 4228 cogitur,

359 4243 598 4314 Severi
634 4262 880 4307 nomen
920 4244 1196 4331 suscepit
1214 4245 1304 4310 ab
1342 4266 1516 4325 avo,
1570 4258 1638 4311 et
1654 4266 1806 4333 pro·
1893 4231 2184 4330 quorum
2220 4242 2481 4306 residua
2534 4259 2749 4326 opera
2790 4237 3133 4310 historiam
3183 4244 3411 4325 Augu·

256 4361 409 4407 avo
436 4387 456 4419 ,
511 4352 589 4406 ut
623 4341 721 4404 ait
751 4340 1179 4427 Spartianus,
1214 4334 1281 4425 d>
1352 4343 1505 4408 Sed.
1541 4364 1658 4408 cur
1706 4346 1804 4423 is,
1894 4341 2057 4405 stam
2102 4350 2549 4428 componunt·
2600 4327 2652 4422 ¹)

2490 3083 2827 3172 Coqsuh
2963 3109 2966 3114 ·

649 3848 994 3924 Nomina
1009 3906 1032 3941 ,
1086 3871 1181 3924 ac
1224 3849 1449 3927 tituli.

668 4049 945 4117 Severus
962 4099 981 4132 ‚
1037 4051 1424 4119 Commodus.

322 4582 387 4644 ἃ)
428 4579 655 4632 Lenem
692 4584 859 4644 Tbm.
897 4587 1004 4643 ΠΙ.
1042 4605 1100 4658 p.
1146 4601 1223 4654 13.
1421 4587 1479 4656 b)
1521 4588 1738 4642 Lettere
1774 4587 1937 4638 Tom.
1976 4586 2078 4639 IV.
2289 4588 2341 4650 c)
2383 4585 2509 4638 Vol.
2549 4584 2652 4637 lV.
2693 4600 2749 4654 p.
2787 4587 2876 4652 96.
2947 4603 2956 4610 ·

262 4651 321 4721 ⁸)
361 4651 487 4704 ”³⁰
510 4650 581 4703 L·
618 4650 889 4707 mu}-
932 4658 963 4725 5
1006 4674 1086 4710 ¹2·
1124 4654 1435 4711 Hemdxan.
1629 4658 1675 4726 1)
1717 4654 1866 4739 Nota
1898 4657 1949 4716 1.
1988 4653 2067 4709 ad
2099 4654 2387 4712 Severum.
3072 4582 3142 4648 d)
3174 4582 3317 4652 ew*
3345 4597 3439 4646 ἰ’
