4242 5459
1549 610 2084 713 MA'RIVs.

241 831 699 903 PACATOR.
739 832 1029 903 ORBIS.
1106 833 1305 927 Caput
1322 837 1481 926 solis
1537 836 1761 904 radia·-

238 942 392 1002 tum.
446 931 586 1000 ΔΕ.
620 933 740 999 111.
793 933 1071 1013 (Band.)
1244 980 1253 987 κ

3227 653 3367 725 2455

1841 833 2249 901 SAECVLI.
2274 825 2773 897 FELICITAS.
2805 829 2875 895 in
2896 830 3062 897 omni
3100 830 3360 903 metallo.

1841 930 2310 999 VlCTORIA.
2345 926 2559 995 AVG.
2610 961 2706 979 -·-
2755 929 3112 998 VlRTvS.
3145 926 3354 1001 AVG.

1454 1240 1469 1248 ⁴
1506 1218 2062 1293 PRETIVM.

432 1414 637 1478 Aurei
739 1451 761 1466 ·
1621 1453 1646 1471 .

431 1512 751 1598 Argentei
800 1510 1050 1597 impuri
1098 1523 1165 1576 et
1208 1510 1346 1578 ΛΕ.
1389 1511 1513 1576 111.
1615 1549 1646 1564 -

2746 1455 2770 1468 -
2964 1416 3234 1575 {muz

2589 1436 2593 1445 ι

2067 1452 2101 1469 0
2300 1453 2326 1467 ο
2513 1444 2558 1466 ’-

2361 1620 2394 1637 ,κ

820 1798 888 1865 c,
987 1778 1593 1903 PESVVWS
1692 1770 2272 1872 TETRicVS
2363 1798 2766 1870 PATER.

319 1990 453 2055 Etli
501 1988 568 2055 in
597 1987 808 2075 ipsum
853 1993 1198 2055 Aureliani
1241 1993 1598 2076 imperium
1624 1995 1743 2058 du·

220 2089 446 2167 ravit,
498 2100 729 2152 tamen
781 2085 1094 2151 historiae
1137 2087 1337 2151 causa
1388 2108 1429 2149 a
1467 2109 1742 2172 praece·

223 2184 537 2249 dentibus
604 2181 873 2249 Galliae
926 2184 1281 2267 tyrannis,
1349 2204 1436 2246 ex
1496 2185 1739 2267 quibus

221 2276 596 2364 postremus
632 2276 801 2359 fuit,
852 2280 1152 2364 separari
1193 2281 1403 2342 nolui.
1453 2281 1607 2360 Ejus
1643 2281 1741 2343 hi-

222 2371 493 2440 Roriam
530 2395 615 2438 ex
644 2377 1040 2440 auctoribus
1078 2376 1421 2441 veteribus
1459 2378 1739 2439 adcura-

221 2470 303 2533 t'e
332 2472 661 2558 congessit
704 2475 788 2536 de
831 2473 1056 2548 Boze,
1108 2474 1177 2551 ⁸)
1234 2490 1320 2533 ex
1359 2492 1493 2554 qua
1536 2492 1731 2557 prae-

221 2567 411 2631 clara
445 2568 642 2632 mess'e
689 2588 913 2654 pauca
953 2585 1265 2650 excerp0.

316 2667 688 2730 Victorino·
708 2677 775 2728 et
824 2664 1042 2729 Mario
1084 2660 1287 2726 caetis
1328 2661 1740 2749 famigerata

212 2763 614 2841 victorina,
664 2780 1063 2844 rerumque,
1116 2773 1187 2822 ut
1212 2759 1541 2835 diximuS,
1593 2772 1738 2838 tum

213 2858 285 2921 in
333 2856 562 2921 Gallia
600 2869 840 2943 potens
894 2855 1157 2933 effecit,
1226 2865 1302 2916 ut
1359 2856 1737 2940 imperator

214 2954 724 3019 adclamaretur
754 2954 1067 3016 Tetricus
1107 2953 1212 3015 vir
1254 2952 1510 3013 ordinis
1552 2951 1732 3016 sena-

207 3051 413 3125 torii,
467 3050 854 3131 consularis,
910 3060 977 3112 et
1011 3050 1152 3131 jam
1176 3046 1543 3111 Valeriano
1577 3068 1729 3132 pro-

207 3147 453 3223 batuS,
525 3147 774 3230 quique
846 3158 989 3207 tum
1028 3144 1292 3225 utrique
1320 3144 1732 3224 Aquitaniae

206 3242 587 3328 praesedit,
642 3243 701 3303 ei
744 3254 1095 3325 praeterea
1140 3236 1440 3300 feminae
1492 3237 1730 3303 adfini-

202 3351 352 3402 tate
400 3341 812 3419 conjunctus.
886 3338 1171 3401 Factum
1220 3331 1387 3397 istud
1428 3337 1735 3419 oportuit

204 3428 498 3498 exeunte
542 3452 720 3497 anno
778 3437 860 3498 V.
907 3431 982 3495 C.
1040 3450 1238 3495 1020.
1290 3431 1366 3493 Ρ.
1416 3430 1498 3495 Χ.
1550 3432 1728 3512 267,

201 3543 330 3609 aut
368 3531 705 3616 principio
745 3520 1100 3612 sequentis.
1153 3526 1326 3590 Nam
1372 3546 1505 3609 quo
1558 3540 1722 3589 tem-

203 3646 382 3712 pore
423 3616 751 3700 Claudius
792 3622 984 3688 caeso
1021 3622 1335 3687 Gallieno
1364 3624 1719 3707 imperium

1822 1988 2190 2085 'Aureliano
2227 1999 2316 2062 ad
2341 1998 2696 2080 imperium
2734 2008 2996 2059 evecto.
3053 2000 3143 2060 At
3164 2001 3345 2068 enim

1818 2093 2258 2177 irrequietum
2289 2093 2556 2173 suorum
2581 2092 2918 2174 ingenium
2961 2093 3346 2159 acseditio·

1820 2207 1935 2249 nes
1957 2185 2944 2271 pertaesusGalliasAureliano
2960 2186 3341 2255 restituendi

1821 2284 2003 2367 cepit
2039 2283 2433 2360 confilium,
2505 2301 2722 2364 eoque
2781 2279 2960 2346 clam
3021 2282 3338 2363 invitato,

1821 2390 1895 2440 ut
1933 2399 2050 2462 per
2090 2380 2376 2464 speciem
2437 2377 2595 2441 belli
2660 2378 2728 2440 in
2792 2372 3090 2442 Galliam
3153 2383 3338 2445 veni·

1817 2485 1962 2558 ret,
2015 2495 2171 2540 cum
2218 2472 2427 2539 ambo
2485 2473 2820 2538 exercitus
2863 2475 2934 2536 in
2977 2475 3338 2560 conspectu

1820 2569 2067 2650 ess'ent,
2150 2570 2553 2636 transitione
2609 2569 2799 2632 facta
2846 2569 3063 2655 ipsum
3128 2573 3338 2636 etiam

1819 2667 2189 2731 exercitum
2228 2669 2399 2734 duce
2433 2664 2809 2730 destitutum
2855 2670 2994 2746 ejus
3057 2666 3186 2731 sese
3224 2688 3338 2732 ar—

1814 2759 2024 2825 bitrio
2061 2764 2380 2846 subjicere
2418 2764 2662 2847 coegit.
2716 2761 2788 2823 Si
2831 2781 2997 2825 vera
3035 2762 3338 2835 reserant

1813 2856 2215 2944 scriptores,
2267 2879 2405 2923 non
2465 2859 2624 2922 satis
2670 2856 2905 2920 famae
2969 2859 3123 2923 suae
3177 2880 3334 2925 con-

1814 2953 2015 3018 suluit
2034 2955 2470 3035 Aurelianu8‚
2523 2976 2675 3018 cum
2698 2954 2932 3040 sponte
2952 2954 3342 3021 dedititium

1813 3049 1884 3112 in
1933 3039 2321 3138 triumpho,
2401 3072 2601 3139 quem
2662 3052 2746 3115 de
2802 3051 3153 3116 Zenobia
3160 3056 3332 3138 egit,

1815 3142 2164 3232 captivum
2225 3151 2382 3214 duci
2448 3149 2675 3232 patrus
2736 3144 2863 3221 est,
2942 3168 3334 3232 quanquam

1813 3242 2136 3330 deinceps
2171 3264 2304 3308 non
2340 3246 2616 3307 cess'aret
2646 3241 2961 3304 omnibus
2992 3262 3144 3303 eum
3186 3242 3366 3306 offi-·

1813 3338 1936 3400 ciis
1981 3358 2251 3423 ornare,
2300 3339 2388 3403 fic
2418 3340 2492 3403 ut
2525 3335 2878 3427 conlegam
2909 3335 3145 3422 saepe,
3197 3336 3332 3400 sae-

1810 3453 1898 3517 pe
1938 3434 2422 3518 imperatorem
2458 3432 2875 3519 appellaret,
2926 3450 3008 3494 ac
3044 3435 3332 3516 denique
3450 3507 3454 3510 ‚

1808 3529 2052 3593 Italiae
2093 3533 2302 3595 totius
2349 3542 2803 3596 correctorem
2857 3524 3326 3604 constitueret,

1810 3625 1939 3715 suis
2003 3628 2212 3690 etiam
2291 3625 2665 3691 honoribus
2720 3626 2787 3687 in
2835 3620 3050 3686 filium
3109 3625 3328 3691 Tetri

2845 3719 3167 3797 collatiS,
3242 3723 3326 3784 de

201 3723 469 3799 adivit,
521 3721 771 3786 scilicet
797 3720 1011 3783 mense
1035 3720 1292 3783 Martio
1335 3722 1493 3783 anni
1537 3720 1719 3786 P.x.
1804 3704 1998 3799 cum,
2080 3736 2283 3786 antea
2358 3724 2757 3797 Caesarem,

204 3818 354 3891 263
382 3865 399 3897 ,
437 3823 575 3900 jam
613 3815 966 3885 constabat
1011 3817 1316 3894 Romae,
1368 3816 1720 3880 Tetricum
1804 3837 1939 3902 quo
1987 3816 2189 3901 infra.
2290 3819 2445 3904 Quo
2489 3822 2867 3901 imperante
2903 3814 3014 3878 hic
3061 3816 3342 3905 insignis

196 3916 277 3979 in
316 3912 558 3977 Galliis
596 3915 1082 3998 imperatorem
1139 3912 1463 3995 agnitum,
1517 3924 1592 3976 ut
1622 3914 1718 3976 di·
1798 3912 2031 3977 famae
2077 3918 2182 3979 vir
2222 3916 2402 3980 diem
2443 3915 2760 3989 obiverit,
2820 3914 3322 3997 proditum‘non

192 4010 451 4074 scimus
497 4029 584 4072 ex
619 4009 991 4073 Trebellio.
1033 3998 1100 4093 b)
1168 4007 1456 4073 Claudio
1503 4010 1718 4092 impe·
1800 4007 1911 4074 est.
1962 4011 2354 4077 Diutissime
2408 4014 2631 4078 adhuc
2685 4002 2916 4074 vixiss'e
2974 4012 3341 4107 privatum

192 4117 400 4170 rante
464 4125 600 4169 non
671 4107 877 4168 modo
958 4108 1184 4191 quiete
1266 4107 1480 4169 tenuit
1557 4104 1717 4168 Gal·
1798 4108 2028 4172 tradit
2051 4108 2447 4195 Eutropium
2497 4108 3063 4203 Ergossimperium
3096 4102 3344 4172 ‘Petri

188 4204 335 4267 lias
416 4202 981 4287 Hispaniamque,
1067 4202 1177 4263 sed
1267 4214 1336 4265 et
1427 4221 1717 4303 appare·
1801 4206 1863 4267 ci
1902 4188 3196 4272 circumscribituraennowc.1020P2
3239 4205 3340 4266 X.

192 4299 828 4363 bantnonobscura
855 4294 1441 4363 constitutaeinter
1472 4298 1720 4362 'utrum-
1804 4303 1979 4380 267,
2034 4321 2172 4385 quo
2210 4302 2378 4367 illud
2439 4306 2650 4391 adiit,
2725 4314 2792 4364 et
2844 4305 2923 4366 V.
2973 4298 3052 4363 C.
3135 4301 3313 4362 1026

188 4414 334 4481 que
374 4398 780 4459 concordiae
824 4409 1273 4479 argumenta,
1327 4406 1402 4458 ut
1435 4416 1524 4458 ex
1559 4396 1710 4479 ipfis
1796 4397 1869 4461 P.
1924 4398 2008 4461 X.
2070 4416 2244 4483 273,
2323 4419 2459 4484 quo
2509 4413 2735 4464 aetum
2792 4397 2886 4505 ab
2945 4396 3312 4460 Aureliano

178 4492 418 4556 numis
472 4492 773 4576 patebit,
832 4498 1052 4574 neque
1112 4486 1415 4554 'infr'acta
1475 4511 1558 4554 ea
1625 4491 1712 4555 est
1794 4495 2213 4583 triumphum
2251 4492 2574 4560 dicemus.

272 4701 333 4767 a)
374 4699 548 4765 Mem.
587 4700 652 4753 B.
690 4700 759 4759 L.
795 4700 865 4754 T.
906 4701 1122 4756 XXVI.
1160 4715 1218 4774 p.
1253 4710 1435 4771 504.
1544 4704 1608 4773 b)
1649 4706 1703 4756 in
1741 4702 1995 4760 Claudio.
2723 4758 2734 4793 ἱ
