4242 5459
1226 521 1778 649 ‘memet

275 772 461 837 malo
479 768 758 858 gestavit
792 782 1055 837 uterum
1084 773 1338 839 Vrbica
1365 824 1382 851 ‚
1438 788 1642 859 atque
1678 776 1794 838 ite-

275 883 428 932 rato
457 870 752 951 quidem.
806 871 1001 933 Vnde
1047 869 1210 933 istud
1248 874 1495 955 probat
1518 873 1817 952 BeIIey——

272 968 403 1027 us?
454 985 542 1026 ex
605 965 824 1040 binis,
901 967 1042 1044 ait,
1112 968 1352 1051 puellis
1421 969 1791 1031 Pudicitiae

273 1060 522 1121 sedenti
547 1056 896 1126 adstitutis..
923 1065 1169 1125 Verum
1196 1061 1235 1125 fi
1256 1063 1327 1126 hi
1348 1064 1666 1126 Vrbicam
1692 1061 1791 1123 bis

264 1142 637 1216 fecundam
683 1171 1010 1239 arguunt,
1065 1160 1274 1220 etiam
1326 1159 1578 1223 necess'e
1619 1160 1786 1232 erit,

269 1248 663 1312 Plautillam
688 1249 1090 1317 Caracallae
1112 1255 1349 1318 dicere
1394 1253 1784 1331 fecundam,

267 1348 595 1428 quoniam
639 1346 708 1407 in
741 1346 933 1429 hujus
980 1370 1185 1413 numo
1243 1352 1562 1434 inscripto
1617 1348 1784 1410 PIE-

264 1438 467 1507 TAS.
510 1438 782 1507 AVGG.
830 1449 1230 1529 proponitur
1278 1447 1519 1509 mulier
1562 1443 1785 1506 infan-

263 1548 403 1598 tem
455 1538 524 1597 in
561 1536 694 1599 sinu
734 1538 991 1623 gestans
1020 1588 1040 1618 ,
1092 1554 1211 1605 aut
1238 1543 1607 1606 Otaciliam
1637 1541 1785 1602 Phi-

259 1631 436 1716 lippi
485 1645 724 1714 quater
776 1633 1175 1720 fecundam,
1231 1640 1554 1720 quoniam
1608 1639 1675 1698 in
1717 1656 1782 1697 ez

249 1728 368 1810 jus
391 1748 593 1790 numo
613 1729 957 1798 PIETAS.
980 1731 1468 1797 AvasTAE
1491 1744 1782 1816 quatuor

253 1821 537 1907 puellae
578 1825 925 1888 mulierem
965 1827 1411 1892 circumstant.
1466 1827 1651 1889 Idem
1675 1818 1779 1888 ar}

248 1920 410 2002 guit
468 1916 693 1981 similis
755 1941 991 1985 numus
1045 1925 1338 1986 Sabinae
1395 1922 1782 2003 Hadriani,

254 2033 473 2095 quam
537 2025 717 2075 certe
771 2035 1113 2102 nunquam
1171 2017 1359 2081 fuiss'e
1420 2018 1777 2102 gravidam

255 2106 542 2171 constat.
598 2108 668 2171 Si
706 2130 864 2196 ergo
908 2115 974 2176 in
1012 2114 1120 2177 his
1150 2156 1157 2163 -
1184 2116 1401 2176 numis
1457 2109 1788 2175 adstantia

253 2207 525 2266 minuta
576 2202 751 2287 ligna
780 2228 1204 2294 nequaquam
1244 2228 1590 2272 numerum
1633 2228 1783 2293 pro-

246 2299 469 2376 iiam,
524 2299 633 2361 sed
676 2303 951 2366 Pietatis
1000 2307 1311 2387 symbola
1354 2303 1778 2379 constituunt,

130 2419 137 2423 ·
248 2395 398 2455 dici
432 2395 634 2456 etiam
674 2402 962 2480 poterit,
1014 2403 1135 2463 illa
1162 2404 1229 2463 in
1272 2421 1475 2463 numo
1517 2401 1778 2462 Pudici-

251 2490 399 2550 tiae
460 2490 766 2572 symbola
820 2496 1235 2562 constituere.

249 2586 469 2646 etiam
508 2585 834 2670 BelleyO,
886 2592 991 2655 his
1053 2592 1243 2677 [ignis
1303 2593 1587 2655 indicari
1648 2593 1775 2654 Vr·

252 2677 458 2741 bicae
505 2681 792 2761 liber-oa,
893 2699 1418 2773 cur<³propterea
1468 2708 1601 2752 non
1659 2708 1780 2773 po-

251 2777 466 2837 tuerit
501 2776 626 2838 ess‘e
675 2777 904 2845 Carini
942 2802 1137 2857 uxor,
1192 2805 1325 2849 non
1362 2785 1516 2849 satis
1549 2786 1778 2852 video.

1881 570 2437 648 VRBICA.‘
3275 602 3412 666 5¹9

1885 794 2172 859 quarum
2246 792 2524 835 numero
2590 769 2842 835 Vrbica
2903 770 3076 837 haec
3135 772 3395 855 nostra,

1864 874 2159 951 -ffihsque
2198 865 2533 953 postrema
2575 888 2746 931 uxor
2782 869 2907 931 ess'e
2932 870 3178 954 potuit,
3221 892 3397 956 quae

1879 966 1946 1028 se
1982 965 2132 1049 plus
2168 965 2393 1026 mariti
2425 965 2692 1049 ingenio
2731 965 3392 1047 adcommodavet-it,

1881 1060 1986 1122 sed
2022 1060 2201 1125 forte
2227 1059 2406 1121 haec
2444 1079 2715 1144 quoque
2746 1062 3171 1142 repudianda
3197 1064 3388 1147 paul-

1876 1155 1946 1217 lo
2003 1154 2186 1239 post,
2251 1151 2369 1215 nisi
2434 1155 2905 1217 Diocletianus
2961 1159 3258 1241 repudiis
3311 1157 3387 1223 fi-

1874 1244 2028 1313 nem
2074 1250 2350 1314 feciss'et.
2439 1250 2748 1334 Denique
2789 1271 2922 1313 non
2955 1255 3386 1337 praetermit-

1873 1348 2176 1422 tendum,
2226 1348 2413 1430 quod
2456 1346 2752 1408 advertit
2776 1345 3126 1425 Kh'eilius,
3171 1352 3384 1429 junio-

1875 1462 2016 1504 rem
2066 1461 2217 1505 eam
2254 1443 2319 1503 in
2360 1442 2579 1505 numis
2647 1444 2985 1527 proponi,
3059 1463 3264 1526 quam
3312 1460 3383 1510 ut

1874 1537 2151 1616 Carini,
2207 1535 2321 1621 qui
2344 1541 2481 1620 jam
2505 1539 2597 1601 ad
2623 1534 2857 1619 justam
2908 1551 3206 1602 aetatem
3239 1562 3386 1626 per·

1873 1647 2198 1711 venerat,
2270 1646 2487 1696 mater
2539 1633 2777 1697 haberi
2844 1634 3072 1717 poss'et.

1871 1728 2045 1791 haec
2087 1736 2488 1812 argumenta
2521 1729 2632 1791 etsi
2675 1746 2806 1790 non
2855 1730 3207 1811 evincunt,
3272 1754 3380 1795 vc-

1866 1822 2134 1886 rifimile
2173 1836 2402 1885 tamen
2445 1822 2745 1898 faciunt,
2797 1825 3118 1886 Vrbicam
3156 1824 3382 1890 Carini

1867 1938 2151 1982 uxorem
2189 1922 2443 2003 potius,
2496 1939 2700 2002 quam
2742 1932 3024 1983 matrem
3058 1920 3384 1988 exstitiss'e'.

1966 2012 2284 2075 Ceterum
2325 2014 2756 2077 Stoschianus
2796 2014 2907 2077 hic
2957 2029 3195 2079 numus
3241 2040 3378 2104 per·

1869 2124 2100 2192 peram
2153 2110 2242 2171 ad
2280 2109 2606 2191 judicium
2663 2121 2991 2185 vocatur,
3060 2109 3102 2172 Ii
3146 2133 3381 2178 verum

1867 2202 1993 2279 est,
2046 2205 2232 2287 quod
2263 2207 2369 2268 vir
2407 2206 2682 2285 quidam
2726 2206 2792 2266 in
2829 2203 3104 2269 historia
3127 2211 3381 2273 numis-

1868 2301 2120 2362 matica
2168 2299 2515 2384 praeclare
2561 2300 2856 2363 eruditus
2899 2301 3061 2363 mihi
3109 2303 3378 2369 adseve·

1866 2397 2046 2458 ravit
2073 2442 2091 2472 ,
2146 2416 2300 2458 eum
2335 2396 2475 2480 ipsa
2507 2396 2793 2459 Stoschii
2835 2408 3056 2461 aetate
3101 2399 3378 2463 Floren-

1353 2497 1485 2559 Sed
1544 2498 1780 2560 demus
1860 2493 1997 2553 tiae
2048 2512 2134 2554 ex
2169 2490 2588 2556 fraudatoris
2641 2494 2826 2557 mala
2872 2491 3149 2558 officina
3218 2516 3370 2581 pro·

1867 2587 2121 2654 diviss'e.

2468 2778 2760 2848 Numi.-

249 2868 665 2935 Praeferunt
722 2891 950 2961 togam
1000 2880 1305 2959 virilem,
1380 2902 1515 2964 qua
1551 2894 1778 2945 aetate
1900 2927 1907 2933 .

246 2964 515 3029 liberos
554 2968 670 3032 illa
716 2972 970 3037 habere
1022 2996 1152 3037 non
1198 2978 1440 3061 potuit.
1521 2979 1774 3040 Verum

245 3080 342 3123 an
399 3062 552 3125 satis
600 3069 1043 3148 probaverit,
1096 3084 1367 3157 togam,
1420 3094 1553 3158 qua
1594 3074 1641 3137 ii
1670 3075 1775 3136 in-

244 3157 401 3218 duti
454 3172 900 3244 comparent,
983 3187 1224 3231 revera
1277 3170 1403 3231 effe
1459 3169 1772 3234 virilem?

241 3251 462 3334 Quod
502 3252 541 3314 fi
577 3254 688 3336 hi,
741 3274 813 3323 ut
853 3261 1213 3342 existimat,
1266 3266 1431 3328 certi
1470 3267 1611 3329 sunt
1644 3266 1774 3330 Ca·

2127 2970 2438 3059 MAG&
2477 2972 2574 3038 υιί
2607 2970 2995 3039 MAGNIA.
3020 2973 3349 3043 VRBICA
3461 3068 3467 3074 .

2148 3068 2594 3249 &agunta
2639 3116 3055 3229 vachE.
3095 3166 3304 3233 Avo.

1949 3263 2234 3327 Praeter
2266 3263 2403 3342 ejus
2452 3277 2730 3322 numum
2765 3259 2967 3346 supra
3013 3262 3372 3327 laudatum

234 3350 438 3411 rinus
504 3363 571 3414 et
628 3355 1119 3436 Numerianus,
1193 3381 1281 3423 an
1325 3363 1479 3427 satis
1530 3363 1770 3425 horum
1852 3378 1987 3422 una
2013 3379 2163 3422 cum
2188 3357 2412 3441 capite
2454 3353 2709 3434 Carini,
2752 3355 3370 3442 fimodogeuuinue

234 3443 623 3511 consultum
692 3451 972 3531 honori,
1052 3455 1209 3518 dum
1248 3457 1337 3534 ii,
1409 3460 1564 3542 qui,
1636 3478 1769 3543 quo
1851 3456 2232 3540 putandus,
2274 3453 2700 3517 memorandi
2747 3453 3020 3519 adhuc:

228 3550 561 3621 tempore
611 3545 894 3631 [ignatus
929 3549 1054 3613 ruit
1092 3552 1202 3615 hic
1246 3555 1617 3617 Pudicitiae
1656 3576 1768 3617 nu·

2142 3551 2212 3615 A
2217 3552 2381 3613 utica
2409 3548 2623 3634 solita.

225 3655 397 3699 mus
424 3680 443 3710 2
490 3639 630 3717 jam
670 3642 1015 3724 Caesares,
1068 3650 1556 3733 imperatoreS‚
1612 3671 1771 3713 con·
1851 3646 2340 3712 PVDICITIA.
2373 3642 2585 3710 AVG.
2637 3647 2870 3710 Mulier
2892 3644 3111 3729 sedens
3152 3649 3215 3714 d.
3267 3668 3366 3714 ve·

221 3731 552 3812 suIesque
593 3735 898 3822 fuerunt,
967 3743 1107 3807 sola
1155 3747 1382 3808 amicti
1434 3761 1598 3832 toga
1655 3748 1765 3811 vi·
1848 3745 1969 3809 lum
2007 3747 2201 3829 capiti
2239 3741 2501 3806 obducit.
2556 3743 2699 3806 AV.
2756 3742 2956 3816 (Mus.
2989 3742 3214 3825 Caes.)
3285 3747 3365 3809 In

221 3826 393 3901 riti,
446 3830 631 3896 nullo
671 3836 812 3898 alio
852 3839 1103 3901 indicio
1162 3860 1205 3904 a
1268 3843 1513 3925 privati
1555 3845 1763 3907 modo
1848 3842 1992 3907 aliis
2030 3842 2271 3921 adstant
2340 3846 2668 3921 praeterea
2748 3838 2870 3901 duo
2927 3840 3145 3923 paeni,
3203 3861 3365 3926 pone

216 3918 772 4007 distinguuntur?
861 3937 1059 4018 Atqui
1113 3935 1153 3999 fi
1212 3940 1481 4021 Vopisci
1536 3942 1762 4004 verbis
1846 3940 2136 4004 Felicitas
2157 3934 2337 4025 sedili
2372 3935 2599 3998 innixa
2633 3933 2696 3996 d.
2732 3934 3090 4015 caduceum,
3136 3937 3181 4011 ’fi
3226 3960 3360 4003 cor·

218 4019 655 4104 pertinacius
696 4025 1086 4093 sententiam
1126 4032 1306 4095 suam
1345 4046 1587 4111 tuetur,
1643 4035 1752 4098 iis·
1842 4039 2154 4119 nucopiae.
2210 4031 2343 4094 ΛΕ.
2379 4047 2560 4093 max.
2593 4029 2777 4096 mod.
2834 4028 3037 4112 (Mus.
3080 4027 3304 4115 caer.)

210 4116 396 4178 dem
458 4128 525 4178 et
566 4138 788 4182 meam
827 4126 1107 4202 tuebor-3
1161 4149 1295 4191 non
1340 4132 1478 4209 ait,
1536 4129 1757 4213 pulsas

215 4230 267 4273 a
314 4207 573 4276 Carino
606 4235 814 4280 omnes
850 4238 1297 4306 praegnantes
1321 4272 1339 4303 ‚
1392 4226 1497 4288 sed
1516 4227 1758 4312 pleras-

1937 4132 2044 4193 De
2083 4130 2188 4191 his
2227 4127 2444 4189 numia
2500 4137 2727 4189 actum
2773 4129 3096 4193 continuo
3139 4132 3353 4214 [upra.

1937 4226 2142 4288 Numi
2171 4221 2414 4307 reliqui
2453 4222 2804 4289 continent
2846 4222 3089 4288 obvios
3137 4227 3354 4310 Augu·

206 4325 395 4392 que,
449 4329 609 4393 ergo
640 4313 871 4396 patius
908 4328 1137 4381 tamen
1187 4318 1277 4382 est
1329 4322 1638 4405 aliquas,
1686 4326 1752 4387 in
1843 4320 2084 4387 starum
2136 4333 2363 4406 typos.

3162 1640 3382 1722 Atque
3503 1672 3508 1679 ·
