4242 5459
1488 560 2301 642 ‘GALLI-E‘NVS.

3306 590 3449 661 397

314 738 774 842 ἰταμαὶ-,3)
825 779 961 827 non
1018 761 1481 829 existimabam
1530 764 1724 846 fore,
1767 779 1851 830 ut
1923 769 2186 831 tatione
2232 763 2550 859 restituit,
2604 765 2843 830 Ianum
2905 765 2973 828 in
3029 763 3167 828 boc
3233 781 3438 829 numo

324 852 647 938 deinceps
694 857 919 921 adhuc
960 865 1097 940 ejus
1122 862 1486 925 necessario
1521 860 1846 927 facienda
1926 876 2220 945 quatuor
2257 864 2534 925 omni-no
2570 863 2907 946 capitibus
2939 874 3294 925 oneratum
3319 865 3436 925 ad-

328 948 488 1009 e'll‘e‘t
534 954 813 1018 mentio.
888 955 1174 1037 Ajebam
1217 970 1398 1037 tum,
1450 958 1601 1023 Iani
1644 958 1845 1023 ‘simu-

322 1043 585 1106 lacrum
632 1067 769 1112 non
805 1049 1002 1114 aliter
1046 1074 1095 1116 a
1137 1053 1481 1117 veteribus
1514 1053 1627 1117 nisi
1663 1067 1845 1118 utro·

323 1158 458 1224 qne
518 1145 746 1227 capite
815 1146 1106 1211 barbato
1176 1147 1366 1212 fuiss'e
1441 1148 1836 1236 effigiatum.

323 1235 531 1317 Quod
568 1237 606 1300 li
647 1242 759 1302 vel
801 1256 1011 1326 caput
1044 1263 1250 1307 unum
1277 1292 1298 1321 ,
1345 1245 1464 1308 vel
1492 1248 1711 1308 etiam
1758 1269 1834 1310 u-

314 1343 632 1415 ftrumque
672 1337 837 1399 erret
878 1340 1223 1418 imberbe‚
1291 1340 1477 1404 aliud
1525 1354 1667 1403 tum
1718 1364 1833 1405 nu·

313 1446 516 1509 men,
570 1442 690 1492 aut
725 1448 904 1497 certe
933 1431 1185 1518 sensum
1216 1456 1684 1519 quemcunque
1740 1440 1832 1502 al·

306 1522 686 1605 legoricum
726 1528 850 1591 else
868 1532 1396 1615 intelligendum.
1454 1535 1643 1595 Haec
1677 1555 1829 1597 cum

306 1616 696 1700 scripseram
722 1668 741 1698 ,
794 1622 887 1686 ad
922 1645 1199 1688 numum
1230 1627 1645 1711 praesentem
1681 1631 1829 1692 ani-

306 1732 496 1774 mum
545 1733 679 1778 non
717 1717 991 1797 reflexi,
1045 1722 1112 1784 in
1151 1742 1291 1805 qno
1329 1736 1536 1806 caput
1582 1722 1826 1788 barba·

306 1821 453 1872 tum
527 1829 679 1872 cum
749 1814 1041 1879 imberbi
1108 1821 1566 1903 conjungitur,
1637 1833 1825 1886 certo

302 1915 537 1968 tamen
562 1907 729 1971 Iano
752 1955 773 1985 ,
828 1913 1151 1995 quoniam
1187 1915 1555 1999 epigraphe
1584 1915 1822 1981 Ianum

298 1997 498 2065 facit.
551 2000 726 2066 Istud
770 2003 810 2065 fi
858 2026 1138 2083 verum,
1191 2008 1446 2072 habent
1483 2012 1557 2088 ii,
1610 2014 1724 2092 qui
1752 2015 1823 2074 -in

299 2093 411 2159 his
453 2099 630 2160 varii
675 2100 892 2164 cultus
937 2103 1277 2186 capitibus
1331 2104 1566 2167 Ianum
1607 2127 1822 2190 agno-2

296 2191 505 2276 scunt,
557 2205 762 2277 atque
806 2196 941 2261 hoc
973 2197 1285 2281 symbolo
1328 2199 1563 2262 Ianum
1612 2213 1679 2263 et
1712 2223 1821 2265 ae·

295 2288 371 2350 vi
416 2293 767 2372 praeteriti
817 2313 1231 2372 memorem,
1305 2307 1372 2355 et
1406 2293 1616 2358 futuri
1668 2317 1821 2380 pro-

294 2384 532 2447 vidum
568 2385 921 2479 significari
958 2389 1199 2453 volunt
1225 2436 1243 2466 ‚
1300 2389 1410 2452 etsi
1448 2391 1819 2456 nuliailiud

294 2490 621 2547 veterum*
645 2486 1055 2548 auctoritate
1099 2486 1451 2563 adferant,
1503 2486 1813 2550 validum

292 2577 366 2638 in
404 2575 536 2641 hoc
573 2597 781 2649 numo
825 2580 1186 2665 sententiae
1236 2593 1619 2664 patronum.
1724 2588 1815 2647 At

289 2691 461 2736 vero
506 2671 713 2735 ausim
752 2675 997 2739 iterum
1039 2676 1447 2755 adfirmare,
1500 2683 1733 2743 Ianum
1769 2700 1814 2743 a

287 2767 623 2832 Romanis
665 2769 928 2855 semper
975 2791 1113 2834 non
1156 2793 1289 2836 uno
1326 2786 1631 2853 tantum,
1699 2776 1813 2839 sed
1851 2821 1867 2832 -

287 2874 577 2948 utroque
599 2867 825 2951 capite
844 2867 1136 2932 barbato
1158 2868 1347 2931 fuiss'e
1373 2870 1810 2956 propositum,

285 2969 495 3042 atque
546 2956 712 3024 istud
751 2982 887 3026 non
935 2964 1145 3027 modo
1207 2966 1629 3049 temporibus
1677 2969 1810 3029 nei.

283 3054 647 3139 publ-icae,
694 3057 809 3120 sed
849 3056 1291 3144 Augustorum
1330 3063 1577 3141 etiam,
1623 3063 1815 3146 quod

281 3163 524 3233 aperte
580 3152 991 3217 demonstrat
1036 3156 1235 3218 Ianus
1291 3156 1521 3220 illatus
1581 3160 1807 3223 numis

280 3245 669 3325 Hadriani,
720 3252 1039 3314 Antonini
1084 3253 1222 3333 Pii,
1276 3264 1344 3315 et
1400 3252 1806 3320 Pertinacis.

279 3340 656 3404 Enimvero
698 3345 903 3408 video
937 3348 1004 3408 in
1056 3348 1394 3431 capiendo
1447 3368 1531 3410 ex
1580 3349 1805 3415 numia

274 3435 451 3499 Iano
496 3456 633 3500 non
685 3458 843 3502 raro
896 3441 984 3503 ab
1039 3444 1317 3506 eruditis
1370 3445 1559 3507 varie
1610 3442 1803 3506 fnisse

276 3546 667 3617 peccatum.
776 3536 1007 3600 Edidit
1068 3539 1461 3603 Harduinus
1519 3540 1676 3607 Vol.
1714 3540 1801 3609 H.

1922 958 2263 1037 firmavit,
2348 957 2524 1021 belle
2584 977 2736 1020 cum
2811 958 2964 1021 vilis
3016 957 3439 1041 conspirante

1924 1052 2209 1132 Servio,
2265 1056 2379 1138 qui
2436 1065 2707 1128 narrat,
2758 1042 2816 1129 ὗ.)
2875 1054 3104 1134 captis
3157 1052 3435 1116 Faliscis

1917 1149 2265 1213 inventum
2296 1151 2421 1213 ess'e
2457 1148 2876 1211 simulacrum
2904 1146 3050 1210 Iani
3074 1164 3225 1209 cum
3251 1146 3432 1212 fron-

1918 1244 2099 1307 tibus
2137 1260 2451 1329 quatuor,
2504 1247 2687 1322 cujus
2713 1244 2936 1306 obiter
2952 1243 3262 1304 meminit
3282 1245 3431 1306 Ma-

1919 1340 2191 1403 crobius
2228 1359 2517 1424 quoque.
2546 1340 2602 1418 θ)
2656 1341 2745 1400 Αῑ
2791 1339 2966 1400 enim
3008 1338 3148 1399 sunt
3185 1338 3256 1399 in
3292 1360 3470 1433 mu·-

1916 1435 2026 1497 seo
2068 1434 2404 1517 Caesareo
2465 1435 2761 1517 ejusdem
2827 1434 3014 1497 num-i
3055 1433 3432 1498 Hadrianei

1917 1534 2234 1615 exempla
2281 1532 2457 1603 du0‚
2522 1549 2697 1614 quae
2744 1531 2980 1593 Ianum
3039 1529 3288 1593 nonnili
3335 1532 3432 1593 bi-

1913 1624 2211 1690 frontem
2266 1625 2624 1704 exhibent,
2711 1637 2781 1689 et
2843 1626 3088 1688 eodem
3151 1628 3430 1689 omnino

1912 1722 2138 1799 cultu,
2193 1742 2330 1808 quo
2371 1724 2430 1783 is
2471 1721 2743 1807 fingi-tur
2775 1724 2841 1785 in
2875 1741 3082 1783 numo
3109 1724 3432 1795 Antonini

1910 1819 2013 1880 Pii
2052 1820 2313 1902 primae
2352 1817 2619 1880 formae
2670 1837 2823 1880 cum
2867 1817 3237 1903 epigraphe
3273 1818 3427 1883 ΤΒ,

1910 1914 2115 1979 POT.
2155 1912 2345 1976 COS.
2385 1912 2541 1990 111„
2594 1932 2795 1995 quem
2837 1914 3001 1976 dedi
3041 1914 3131 1977 ad
3177 1932 3428 1976 annum

1908 2011 1994 2074 V.
2031 2006 2111 2072 C.
2161 2006 2338 2089 893,
2389 2020 2532 2070 tum
2571 2008 2737 2069 etin
2771 2009 3109 2091 argenteis
3126 2009 3428 2075 Pertina-

1908 2105 2028 2167 cis,
2082 2104 2187 2164 Ad
2213 2104 2387 2165 haec
2412 2121 2548 2165 non
2583 2114 2818 2166 narrat
2836 2102 3136 2185 Servius,
3189 2110 3426 2169 lanum

1903 2197 2036 2259 hac
2073 2195 2303 2259 forma
2342 2198 2607 2260 Romae
2645 2195 2834 2259 fuiss‘e
2867 2198 3116 2260 cultum
3139 2244 3160 2274 ,
3208 2198 3322 2261 sed
3355 2202 3443 2262 in⁴

1905 2291 2194 2355 Tusciae
2228 2292 2401 2354 urbe
2453 2291 2536 2355 lic
2567 2305 2954 2377 repertum3
3024 2294 3187 2375 quin
3235 2293 3421 2358 idem

1902 2387 2178 2451 Servius
2209 2387 2379 2451 *alibi
2417 2386 2609 2453 facta
2660 2388 2808 2451 Iani
2860 2387 3177 2452 bifrontis
3235 2409 3420 2453 men·

1899 2483 2084 2545 tione
2120 2482 2344 2546 obiter
2387 2497 2651 2547 tantum
2708 2484 2944 2547 addit:
2998 2485 3259 2568 tegimus
3324 2498 3421 2553 ta·

1895 2598 2068 2657 men,
2123 2580 2353 2643 Ianum
2389 2584 2586 2645 etiam
2621 2579 3136 2666 quadr-‘frontem
3176 2571 3237 2664 αἱ)
3303 2583 3423 2645 Er·

1895 2694 1983 2758 go
2022 2674 2409 2759 permilsum
2449 2675 2614 2738 mihi
2655 2689 2822 2760 puto
2859 2677 3229 2758 conjicere,
3299 2692 3418 2741 aut
3493 2756 3502 2762 .

1893 2769 2138 2833 fauere
2181 2771 2586 2837 iconismum
2611 2769 2976 2847 Penei-inii,
3030 2774 3149 2856 qui
3174 2773 3413 2836 Ianum

1891 2886 2029 2929 uno
2069 2877 2332 2930 tantum
2389 2868 2612 2954 capite
2680 2866 3044 2932 barbatum
3096 2867 3415 2945 exbibet,

1892 2963 2112 3026 altero
2153 2961 2491 3045 imberbi,
2565 2975 2685 3027 aut
2718 2963 2854 3027 hoc
2907 2984 3084 3028 aevo
3127 2963 3197 3026 in
3273 2968 3414 3047 ejus

1883 3058 2003 3121 dei
2034 3057 2275 3121 habitu
2305 3058 2568 3144 aliquid
2621 3057 2809 3123 fuill'e
2875 3072 3116 3126 contra
3152 3079 3414 3124 morem

1889 3164 2194 3243 veterem
2232 3153 2689 3219 immutatum.

2564 3343 2757 3410 Iuno.

1977 3533 2236 3599 IVNO.
2269 3527 2636 3597 REGINA.
2662 3532 2802 3598 Dea
2805 3533 2989 3617 stans
3016 3532 3408 3618 afflatu-am,

279 3626 484 3692 Plinii
519 3629 617 3693 sui
660 3653 727 3718 p.
765 3634 894 3697 611
954 3654 1227 3696 numum
1278 3634 1654 3715 Hadriani,
1728 3637 1800 3699 in
1858 3630 1920 3717 s
1962 3629 2230 3725 hastam,
2267 3648 2398 3714 pro
2425 3625 2688 3715 pedibus
2719 3648 2916 3714 pava.
2972 3630 3115 3695 AR.
3154 3630 3405 3717 (Mem.

275 3726 463 3806 eujus
486 3728 724 3791 aversa
744 3730 919 3792 vidit
944 3731 1171 3795 Ianum
1202 3730 1581 3816 tufi-omem.
1637 3733 1798 3815 Ejus

273 3820 545 3882 iconem
604 3824 793 3888 dedit
836 3828 907 3888 in
952 3824 1263 3911 praefixa
1325 3828 1660 3890 volumini
1709 3828 1796 3895 11.

268 3914 512 3978 tabula
547 3918 627 3985 X.
653 3941 714 3982 n.
769 3944 826 3986 1.
879 3923 956 3985 In
988 3927 1130 4003 ejus
1169 3923 1627 4007 explicatione
1668 3924 1789 3988 ait:

261 4011 385 4076 Sic
416 4012 744 4093 prudentia
763 4020 1070 4103 principis
1119 4020 1576 4085 commendatur
1593 4066 1612 4096 ‚
1675 4022 1792 4107 qui

252 4112 614 4194 praeterita
668 4114 901 4179 recolat
921 4161 941 4192 ,
1020 4116 1366 4201 praesentia
1414 4117 1740 4204 confideret
1760 4165 1788 4195 ,

1880 3728 2089 3792 Trev.
2142 3726 2191 3791 l.
2231 3731 2330 3806 c.)

2483 3919 2790 4004 Iuppiter.

1966 4116 2103 4181 Hic
2145 4133 2270 4178 rex
2307 4112 2592 4176 deorum
2636 4107 3122 4196 hominumque
3173 4116 3403 4197 potio·
3489 4166 3500 4173 .

248 4202 496 4292 futura
525 4209 886 4294 prospiciat.
1000 4210 1267 4289 Rosius,
1341 4216 1456 4296 qui
1508 4233 1785 4283 numum
1869 4231 2004 4289 res,
2058 4223 2132 4275 ut
2169 4229 2294 4295 par
2318 4219 2491 4285 erat,
2540 4207 2611 4270 i‘n
2648 4227 2732 4270 eo
2765 4208 2943 4271 cultu
2979 4220 3205 4293 partes
3242 4209 3399 4272 abs-

256 4296 552 4364 eundem
579 4306 656 4367 -in
700 4305 819 4368 sua
852 4308 938 4370 de
997 4306 1166 4369 Iano
1206 4323 1511 4373 veterum
1563 4309 1785 4373 differ·
1867 4308 2040 4371 tulit.
2115 4306 2274 4391 Ejus
2301 4304 2879 4391 praetereaeausa
2897 4301 3030 4366 fuit
3068 4303 3398 4367 librorum

320 4542 378 4599 a)
419 4536 661 4594 V61.‘V.
706 4562 766 4617 p,
805 4560 923 4611 ²¹4·
2112 4546 2166 4612 e)
2205 4542 2419 4628 Saturn,
2457 4543 2523 4597 1...
2562 4543 2613 4601 L
2651 4560 2698 4597 e.
2731 4559 2782 4611 9.
3036 4538 3098 4608 d)
3135 4536 3222 4592 ad'
3248 4542 3391 4599 Aen.

1129 4546 1191 4615 b)
1231 4545 1307 4600 ad
1342 4548 1486 4603 Aen.
1526 4550 1653 4604 vn.
1691 4568 1744 4609 v.
1779 4554 1903 4617 607,

247 4608 389 4664 111.
430 4627 482 4663 v.
522 4620 644 4680 198⁴
1512 4656 1517 4665 .
