4242 5459
835 495 879 621 '⁶
1785 538 2595 618 ANTONINVS
2697 540 3016 618 Plvs.
3101 643 3110 658 ,

850 756 1128 833 argento
1161 745 1459 810 nondum
1498 740 1873 807 observati.
1951 738 2181 851 Quare
2215 758 2370 805 cum

849 858 990 907 tam
1044 845 1496 917 constantem,
1547 849 1616 901 et
1659 835 2006 901 definitum
2042 838 2111 899 in
2153 837 2238 900 iis
2270 837 2371 899 vi·

854 944 1138 1002 deamus
1182 938 1506 1012 modum,
1560 947 1634 997 ut
1677 953 1911 996 eorum
1967 945 2154 996 recte
2207 951 2370 1040 pro-

857 1038 1057 1098 cedat
1089 1033 1497 1118 explicatio,
1550 1048 1981 1114 nequaquam
2036 1027 2372 1112 inquiren·

860 1133 949 1192 da
986 1132 1160 1191 ratio
1185 1176 1204 1206 ‚
1256 1147 1430 1210 quae
1468 1125 1558 1188 ad
1596 1123 1892 1208 lingulas,
1920 1121 2180 1185 seorfim
2217 1140 2372 1205 pro·

854 1225 1119 1287 vincias
1144 1270 1164 1299 ,
1214 1221 1319 1286 sed
1364 1241 1539 1305 quae
1590 1220 1680 1284 ad
1721 1238 1955 1282 omnes
1990 1216 2176 1280 simul
2209 1216 2372 1278 sum·

836 1333 1014 1404 ‚ptas
1056 1319 1409 1403 pertineat.
1483 1315 1745 1397 Quo-in
1788 1314 2103 1377 examine
2129 1331 2373 1398 parum

858 1417 1129 1499 reperio
1149 1414 1359 1477 solida
1384 1413 1916 1495 antiquariorum
1941 1409 2222 1491 judicia,
2260 1405 2376 1490 qui

856 1510 1184 1573 hactenus
1208 1511 1276 1586 in
1304 1511 1427 1571 hos
1455 1527 1696 1570 numos
1738 1504 2179 1568 commentati
2210 1502 2376 1579 sunt,

860 1608 1023 1668 dum
1071 1605 1188 1667 alii
1235 1605 1321 1667 ad
1373 1601 1817 1687 explicandos
1865 1620 1984 1664 eos
2030 1600 2379 1664 advocant

744 1701 753 1710 ‘
857 1698 1310 1768 testimonium
1356 1698 1727 1781 Capitolini
1770 1696 2139 1781 generatim
2174 1692 2376 1756 adfir-

862 1796 1150 1870 mantis,
1228 1796 1604 1879 imperante
1672 1792 2018 1854 Antonino
2098 1800 2377 1851 cunctas

856 1886 1547 1978 provincias-floruisti,
1597 1886 1878 1972 perinde
1924 1883 2107 1969 quali
2163 1889 2377 1950 Anto-

866 1988 1061 2049 ninus
1110 1987 1179 2048 in
1225 1984 1368 2069 ipso
1405 1985 1672 2069 imperii
1708 1982 1897 2046 aditu
1936 1985 2074 2063 jam
2133 1976 2380 2043 stabili·

860 2080 1038 2144 verit
1096 2078 1494 2148 felicitatem
1571 2078 2148 2163 provinciarum‚-
2195 2092 2376 2137 eam

865 2198 996 2261 que
1038 2177 1171 2239 hae
1218 2197 1340 2261 per
1374 2175 1790 2238 monetarios
1828 2173 2182 2234 Romanos
2220 2187 2377 2255 pro-

862 2271 1069 2335 sess'ae
1118 2271 1277 2349 lint,
1346 2283 1427 2334 et·
1473 2267 1846 2355 Capitolini
1899 2265 2181 2330 effatum
2238 2283 2375 2327 non

864 2387 1065 2431 omne
1112 2370 1249 2447 ejus
1285 2366 1554 2452 imperii
1596 2376 1902 2450 tempus,
1967 2362 2078 2425 sed
2124 2380 2377 2424 annum

860 2461 1116 2527 nonnisi
1154 2463 1443 2547 primum
1493 2459 1870 2543 respiceret.
1963 2457 2147 2539 Quid
2190 2457 2376 2539 quod

864 2561 998 2622 hoc
1028 2570 1230 2641 pacto
1271 2555 1523 2619 necess'e
1560 2556 1687 2616 erit
1721 2556 1972 2627 dicere,
2024 2553 2374 2615 Parthiam

866 2672 1180 2737 quoque,
1234 2671 1315 2713 ac
1352 2650 1699 2733 Scythiam
1740 2651 1804 2710 in
1850 2648 1954 2709 his
1995 2647 2213 2709 numis
2240 2665 2375 2707 me·

865 2759 1173 2812 moratas
1214 2767 1255 2810 a
1291 2745 1685 2808 monetariis
1736 2744 1977 2805 beatas
2019 2741 2379 2826 praedica·

855 2825 919 2905 'ri
947 2891 965 2918 ‚
1020 2853 1085 2905 et
1125 2842 1450 2904 Antonini
1481 2837 1793 2924 auspiciis
1828 2836 2115 2900 floruiss'e
2141 2882 2162 2913 ,
2205 2854 2376 2917 quas

865 2951 1096 3001 tamen
1126 2937 1251 2999 else
1301 2935 1603 2999 infirmas
1644 2936 2110 2998 Romanorum
2155 2932 2376 2998 maxi-

864 3053 974 3096 me
1010 3037 1352 3096 intererat.
1459 3031 1590 3094 Alii
1637 3029 1889 3115 lingula
1920 3029 2242 3093 Antonini
2271 3026 2375 3090 fa·

864 3142 1016 3205 cta,
1072 3148 1244 3213 quae
1274 3128 1364 3191 ad
1396 3124 1679 3211 lingulas
1741 3126 2131 3209 provincias
2168 3125 2375 3210 perti·

864 3237 1051 3300 nent‚·
1102 3243 1276 3306 quae
1316 3231 1630 3285 auctores
1670 3233 1933 3285 veteres
1971 3230 2377 3301 memorant,

864 3320 957 3383 ad
995 3320 1122 3381 hos
1164 3337 1404 3382 numos
1444 3317 1837 3402 adplicant,
1889 3316 2169 3399 perinde
2195 3312 2375 3397 quali

864 3416 1144 3493 omnia,
1197 3434 1372 3498 quae
1416 3426 1677 3475 veteres
1720 3414 1803 3476 de
1846 3414 2188 3496 Antonino
2225 3430 2378 3494 pro·

864 3512 1134 3589 didere,
1188 3512 1407 3597 primo
1445 3506 1655 3573 statim
1699 3508 1969 3591 imperii
2017 3524 2223 3582 anno,
2271 3505 2381 3568 seu

862 3609 934 3672 in
964 3607 1311 3671 consulatu
1354 3607 1442 3670 11.
1506 3603 1814 3670 accidiss'e
1869 3602 1944 3668 fit
2001 3597 2379 3666 existiman·

866 3704 1053 3781 dum.

967 3801 1349 3876 Antequam
1394 3792 1754 3878 probabile
1789 3794 1874 3857 de
1910 3792 2018 3859 his
2052 3796 2381 3878 judicium

867 3889 1027 3953 ferri
1112 3889 1362 3973 possit,
1433 3887 1888 3952 definiendum
1966 3892 2380 3970 necessario,

870 3986 1196 4068 quidnam
1244 3983 1316 4047 fit
1351 3985 1561 4058 illud,
1613 3985 1797 4067 quod
1847 3985 2065 4069 partis
2100 3986 2381 4049 aversae

867 4078 1087 4166 figura
1141 4099 1345 4160 manu
1404 4080 1686 4143 dextera
1729 4079 2032 4165 porrigit.
2104 4079 2182 4143 In
2227 4080 2383 4145 aliis

866 4173 1213 4258 luculenta
1293 4172 1381 4239 est
1464 4193 1765 4251 corona,
1850 4175 1921 4238 in
1977 4174 2132 4240 aliis
2196 4175 2383 4239 cani·

871 4268 1016 4348 firi,
1068 4283 1187 4335 aut
1237 4270 1479 4351 capsae
1534 4271 1873 4352 quaedam
1931 4269 2207 4354 species.
2306 4275 2381 4333 ln

867 4384 1080 4428 numo
1117 4366 1519 4459 PARTHlA
1549 4362 1636 4427 est
1679 4384 1936 4429 corona
1978 4366 2275 4447 radiata,
2310 4365 2381 4428 in

2452 739 2672 806 altero
2710 740 2975 804 SYRIA
3001 739 3351 804 canistrum
3398 738 3483 802 est
3519 738 3819 804 constans
3847 742 3963 805 tri·

2458 834 2584 899 bus
2627 838 2938 912 coronis,
2992 857 3272 920 quarum
3322 856 3452 898 una
3505 836 3701 899 alteri
3748 831 3965 920 impo-

2456 931 2575 993 fita
2624 929 2865 994 est.1n
2913 949 3118 996 numo
3165 931 3445 996 DAClA
3483 932 3796 994 dicuntur
3839 934 3966 993 ess'e

2454 1026 2852 1106 monticuli,
2902 1027 3010 1090 sed
3054 1027 3238 1090 haud
3282 1026 3485 1090 dubie
3521 1046 3818 1092 coronae
3862 1048 3965 1090 ra-

2454 1121 2551 1185 dii
2577 1121 2815 1184 horum
2845 1122 3132 1205 speciem
3160 1121 3509 1206 praebent.
3559 1123 3769 1207 igitur
3801 1121 3844 1184 si
3881 1143 3967 1186 ex

2451 1217 2752 1302 imagine
2806 1217 3210 1301 capiendum
3263 1218 3632 1300 judicium,
3716 1221 3968 1303 partim

2458 1330 2784 1384 coronam
2822 1311 2989 1389 sistit,
3040 1313 3293 1398 partim
3328 1311 3679 1376 canistrum
3707 1359 3732 1390 ,
3775 1313 3972 1397 quod

2459 1408 2813 1493 quidpiam
2848 1406 3152 1472 includit.
3217 1410 3346 1471 His
3407 1407 3710 1474 stabilitis
3763 1430 3967 1494 expe-

2458 1503 2666 1567 ditior
2703 1502 2792 1565 est
2831 1504 2920 1566 ad
2953 1516 3180 1566 cetera
3216 1505 3358 1579 via,
3403 1523 3540 1585 qua
3572 1505 3968 1569 sententiam

2458 1618 2680 1660 meam
2720 1598 2996 1661 eruditis
3030 1598 3442 1684 propositum
3485 1620 3592 1664 e0.

2556 1694 2768 1769 Illud,
2823 1681 3005 1777 quod
3041 1694 3255 1778 figura
3299 1695 3366 1756 in
3420 1695 3525 1757 his
3564 1693 3781 1760 ‘numis
3826 1717 3975 1760 ma·

2459 1807 2546 1850 nu
2573 1788 2917 1874 praefert,
2969 1808 3298 1854 coronam
3328 1810 3606 1855 auream
3641 1792 3776 1855 esse
3818 1812 3973 1854 cen·

2458 1882 2607 1959 seo,
2662 1897 2782 1947 aut
2810 1888 2992 1966 quod
3036 1904 3165 1970 pro
3209 1886 3338 1947 hoc
3397 1886 3547 1949 dari
3601 1887 3973 1973 consuevit,

2417 1993 2424 2000 '
2456 1999 2685 2044 aurum
2717 1984 3141 2050 coronarium.
3197 1984 3407 2044 Vetus
3441 1983 3618 2046 enim
3663 1995 3809 2045 erat
3826 1985 3974 2064 jam

2459 2076 2664 2137 etiam
2706 2080 2885 2160 apud
2938 2076 3239 2141 Graecos
3293 2096 3489 2162 moe,
3553 2090 3627 2142 ut
3655 2079 3776 2154 iis,
3826 2080 3972 2162 qui·

2456 2171 2583 2234 bus
2616 2171 2967 2235 habendus
3007 2174 3163 2236 elset
3204 2173 3423 2236 honos
3448 2220 3468 2249 ‚
3536 2186 3657 2238 aut
3715 2174 3974 2238 haben-

2459 2268 2588 2328 dae
2621 2269 2927 2350 gratiae‚
2981 2287 3240 2331 corona
3297 2287 3508 2335 aurea
3573 2271 3973 2337 donaretur.

2456 2363 2833 2425 Iamanno
2891 2366 2970 2423 V.
3011 2362 3087 2425 C.
3145 2383 3312 2445 33¹·
3364 2366 3710 2428 Thraciae
3764 2365 3972 2430 urbes

2453 2457 2800 2521 Bralidam
2834 2458 3241 2543 Spartanum
3273 2471 3599 2542 tanquam
3634 2459 3973 2525 Graeciae

2456 2553 2890 2616 liberatorem
2934 2572 3192 2617 corona
3221 2574 3434 2620 aurea
3459 2557 3881 2621 redimivere.
3909 2556 3978 2638 ⁸)

2457 2634 2789 2709 Vetullius
2839 2650 3224 2734 exemplum
3278 2651 3364 2713 de
3411 2664 3741 2715 coronata
3800 2671 3977 2717 auro

2457 2743 2836 2808 Damareta
2857 2742 3135 2808 Gelonis
3174 2765 3389 2809 uxore
3425 2741 3738 2812 dabimus
3765 2746 3975 2828 infra,

2459 2850 2601 2900 tum
2645 2851 2711 2900 et
2750 2838 3121 2924 posteriora
3147 2891 3169 2922 ,
3222 2862 3509 2926 quorum
3549 2844 3765 2907 multa
3807 2864 3975 2927 quo-

2460 2953 2589 3017 que
2626 2951 3169 3000 commemorant
3199 2937 3553 3022 scriptores
3578 2985 3599 3015 ,
3650 2959 3803 3003 cum
3847 2938 3970 3002 ha-

2455 3030 2636 3094 bitos
2670 3048 2711 3092 a
2748 3032 3139 3095 civitatibus
3179 3035 3567 3098 Alexandro
3620 3036 3720 3099 M.
3755 3033 3976 3098 hono·

2457 3145 2566 3188 res
2621 3141 3198 3203 commemorant
3267 3142 3410 3192 tum
3465 3130 3671 3194 etiam
3725 3130 3976 3194 Demo·

2461 3218 2740 3283 stheneS.
2775 3209 2839 3300 b)
2895 3226 3114 3306 Atque
3153 3227 3504 3307 antiquum
3538 3224 3705 3290 istud
3763 3222 3975 3290 Grae·

2460 3336 2694 3379 corum
2733 3314 3140 3380 institutum
3119 3368 3141 3400 ,
3179 3339 3512 3404 quoniam
3555 3323 3644 3384 ad
3683 3340 3825 3383 rem
3861 3319 3978 3384 fa..

2463 3401 2773 3475 ciendam
2813 3416 3052 3491 valuit,
3095 3414 3373 3479 facilem
3401 3412 3585 3499 apud
3619 3419 3986 3484 Romanos

2463 3509 2722 3571 aditum
2773 3511 3045 3593 reperit.
3149 3512 3387 3575 Adhuc
3436 3509 3642 3575 stante
3687 3531 3832 3596 rep.
3882 3511 3975 3576 ab

2461 3605 2757 3668 Aemilio
2778 3605 3063 3669 Paullo
3045 3627 3111 3668 m
3137 3608 3482 3693 triumpho
3517 3625 3601 3669 ex
3621 3608 3806 3670 victa
3823 3609 3981 3672 Ma·

2463 3701 2751 3765 cedonia
2803 3702 3150 3786 praelatae
3202 3723 3500 3768 coronae
3537 3709 3798 3766 aureae·
3822 3700 3976 3781 CD,

2466 3796 2794 3861 aManlio
2839 3817 2925 3858 ex
2966 3799 3153 3861 victa
3196 3796 3673 3883 Gallograecia
3706 3795 3878 3872 CC.;
3927 3817 3977 3863 a

2464 3893 2553 3956 T.
2577 3890 2899 3973 Quinctio
2921 3912 3007 3954 ex
3033 3894 3218 3957 victa
3254 3895 3671 3958 Macedonia
3695 3891 3977 3975 cxlv„

2467 4003 2638 4069 quas
2675 3988 2986 4050 civitates
3007 3986 3312 4052 Graecae
3347 3989 3720 4052 victoribus
3751 3989 3976 4054 hono-

2460 4083 2558 4144 ris
2597 4101 2797 4167 ergo,
2847 4083 3072 4146 verius
3105 4085 3307 4147 causa
3350 4086 3735 4169 captandae
3774 4082 3979 4149 bene·

2466 4175 2810 4239 volentiae
2843 4179 2932 4240 ad
2970 4179 3380 4266 triumphum
3417 4180 3746 4246 obtulere.
3797 4182 3990 4245 Vide‘

2466 4272 2552 4334 de
2610 4270 2714 4333 his
2765 4272 3055 4339 Livium.
3178 4274 3441 4356 Quam
3479 4275 3792 4361 copiosas
3865 4296 3978 4340 eo-

2458 4353 2624 4429 dem
2693 4367 2968 4432 nomine
3024 4366 3367 4432 abstulerit
3420 4370 3475 4436 1.
3514 4370 3801 4450 Caesar,
3856 4372 3978 4435 do·

934 4577 992 4643 a)
1030 4569 1299 4645 Thuesd.
1326 4571 1399 4636 1..
1430 4571 1537 4629 lv.
1567 4588 1614 4631 c.
1649 4589 1767 4638 ηε,

1954 4570 2014 4644 b)
2057 4568 2219 4639 012⁸,
2249 4569 2318 4628 de
2350 4571 2592 4630 Corona.
