4242 5459
1692 337 1721 348 5

1417 545 2235 625 ‘COMMODVS.

222 752 879 825 ·et'BuonarrotuS,
927 744 996 831 ⁸)
1052 766 1221 833 quos
1256 750 1398 834 jam
1455 751 1786 818 refutavit

252 849 649 912 Bimardus.
687 835 754 923 b)
1698 925 1705 930 ,

358 943 707 1025 Principio
750 940 932 1003 usum
974 942 1359 1007 nominibus
1408 945 1488 1013 L.
1520 943 1788 1010 ·Aurelae‘i

260 1039 620 1111 Commodi,
673 1039 874 1123 primi
916 1044 1052 1118 ejus
1105 1041 1291 1102 numi
1353 1042 1620 1104 docent.
1709 1041 1786 1102 In

255 1132 412 1209 his,
472 1135 700 1195 saltem
749 1134 913 1194 mihi
948 1137 1279 1219 cognitis..
1332 1135 1503 1200 Aetia·
1540 1155 1785 1198 nomen

257 1249 400 1291 non
448 1231 759 1309 additur,
810 1229 1044 1291 sed-eo
1080 1231 1286 1291 etiam
1325 1245 1469 1293 tum
1510 1235 1650 1312 jam
1683 1229 1783 1292 fu-

254 1324 375 1386 iss'e
416 1325 840 1408 praeditum,
871 1327 1097 1388 -docet
1121 1329 1287 1407 -ejus
1326 1329 1581 1389 aetatis⁴
1610 1345 1785 1388 mar·

256 1440 421 1483 mor
466 1418 989 1499 Gruterianum,
1056 1422 1123 1482 in
1172 1442 1307 1503 quo
1375 1419 1613 1507 legitur
1653 1445 1667 1484 ε
1723 1418 1783 1503 ο)

257 1515 349 1581 L.
388 1516 684 1580 AELIO.
718 1515 1514 1583 AVRELIO.-AVG.>F.
1559 1517 1784 1580 COM-

258 1610 567 1674 MODO.
620 1609 811 1673 COS.
865 1612 1166 1674 Retinuit
1196 1613 1366 1675 haec
1408 1615 1686 1692 nomina
1722 1633 1781 1674 e

251 1706 436 1768 tiam
505 1704 870 1789 Augustus,
964 1719 1030 1768 et
1080 1707 1385 1791 leguntur
1432 1711 1654 1772 adhuc
1719 1710 1786 1770 in

260 1803 490 1864 numis
537 1804 696 1863 anni
726 1805 810 1865 V.
862 1800 939 1864 C.
978 1825 1139 1885 933.
1193 1804 1322 1865 Sed
1352 1803 1483 1868 hoc
1520 1804 1787 1867 labente

260 1898 659 1981 repudiavit
692 1917 1105 1979 praenomen
1154 1900 1369 1975 Lucii,
1422 1912 1791 1963 retento-e-

120 2037 139 2047 -
190 2027 197 2034 -
252 1995 437 2055 tiam
468 1991 675 2054 nonifi
720 2011 877 2053 raro
918 1993 1246 2056 innumis
1270 1996 1529 2059 Aurelii
1563 1996 1789 2058 nomi-

259 2107 393 2163 ne,
447 2088 688 2172 hisque
722 2101 1008 2172 paterna
1042 2092 1316 2164 nomina
1350 2093 1447 2157 M.
1479 2093 1794 2157 Antonini

258 2181 688 2260 suffecit‚·et
737 2187 1037 2267 perrexit
1080 2186 1186 2247 his
1227 2187 1323 2248 uti
1357 2206 1534 2250 anno
1568 2187 1792 2248 adhuc

262 2280 353 2341 V.
382 2277 472 2342 C.
524 2291 685 2359 944.
732 2280 1035 2342 Labente
1073 2280 1206 2344 hoc
1237 2294 1546 2366 tempore
1582 2281 1789 2342 homo

263 2376 506 2438 varius
544 2375 801 2458 recepit
848 2388 1084 2439 vetera
1156 2379 1433 2442 nomina
1492 2378 1567 2441 L.
1620 2375 1792 2439 Aelia·

252 2471 524 2536 Aurelii
555 2470 794 2532 omiss'o
822 2471 1025 2532 etiam
1063 2475 1396 2549 Antonini,
1448 2473 1665 2556 iisque
1696 2471 1789 2532 us-

252 2588 399 2649 ‚que
424 2567 513 2628 ad
552 2568 807 2627 exitum
840 2568 1133 2628 vitaeest
1170 2569 1315 2628 usus
1342 2571 1602 2653 egregie
1638 2587 1789 2629 cum

256 2663 492 2724 numis
522 2661 944 2744 conspirante
967 2662 1164 2724 titulo
1186 2664 1562 2739 literarum,
1589 2684 1789 2744 quem

258 2758 581 2843 proxime
625 2777 709 2818 ex
746 2757 964 2819 Dione
998 2760 1226 2821 citavi.
1278 2759 1438 2839 Ejus
1465 2760 1792 2822 variatio-

259 2855 373 2918 nis
420 2854 617 2914 causa
656 2851 865 2914 fuerit
903 2856 1181 2928 eadem,
1236 2875 1409 2935 quae
1444 2866 1570 2916 .tot
1617 2857 1789 2918 alio-

252 2969 417 3016 rum
465 2946 827 3010 Commodi
876 2946 1106 3011 stolide
1138 2947 1497 3013 factorum.

364 3035 715 3104 LVCIVS.
772 3047 835 3104 A
876 3064 1011 3126 quo
1043 3043 1620 3128 praenomen⁴hoc
1652 3059 1784 3110 tra-

254 3138 496 3213 xerit,
546 3156 673 3199 non
692 3141 1365 3212 meminerev'eteres.
1406 3142 1780 3204 ¹Paternum

259 3245 462 3297 certe
493 3252 618 3294 non
658 3221 804 3298 fuit.
866 3235 1278 3298 Videturilli
1310 3254 1351 3296 a
1390 3247 1582 3320 patre
1614 3239 1780 3300 indi-

236 3343 410 3393 zum
456 3329 522 3390 in
552 3327 782 3392 fratris
822 3332 1129 3413 adoptivi
1156 3329 1233 3393 L.
1273 3333 1431 3392 Veri
1460 3333 1777 3415 gratiam,

242 3446 305 3487 a
350 3443 489 3508 quo
534 3423 888 3487 verisimile
936 3425 1023 3488 est
1058 3439 1125 3487 et
1161 3426 1472 3489 Commodi
1504 3447 1777 3506 nomen,

258 3521 355 3584 ab
402 3519 689 3583 Aurelia
710 3534 926 3604 „gente
988 3513 1215 3584 c'etera
1248 3522 1593 3597 alienum,
1670 3521 1779 3584 fu-

236 3616 378 3678 jffe
418 3617 735 3700 petitum.
818 3615 1124 3694 Constat,
1195 3617 1539 3679 Aurelium
1596 3636 1777 3681 anno

250 3716 350 3776 V.
394 3711 474 3774 C.
516 3725 700 3793 914,
756 3728 891 3796 quo
920 3712 1512 3796 fratrem-imperii
1551 3713 1778 3775 conle-

230 3827 421 3893 ‘gam
466 3808 797 3884 adscivit,
851 3809 1006 3870 huic
1038 3829 1161 3892 pro
1205 3820 1433 3870 vetera
1476 3806 1776 3870 L.‘Com-

250 3903 452 3965 modi
509 3904 783 3965 nomine
842 3905 1148 3966 indidisse
1189 3904 1547 3965 nomen‘L.
1588 3903 1774 3966 Veri.

234 3998 610 4061 ,Placuerit
652 3999 851 4082 igitur
885 4000 1277 4082 ademptum
1308 3999 1385 4062 L.
1411 3998 1778 4063 Commodi

246 4113 511 4158 nomen
540 4093 948 4171 resuscitare,
985 4094 1153 4156 illud
1181 4096 1249 4154 in
1280 4094 1486 4156 filium
1511 4094 1777 4177 aliquot

225 4187 408 4275 ,post
454 4189 713 4251 menses
756 4202 990 4251 natum
1024 4187 1520 4252 transferenda
1573 4190 1776 4252 Exhi-

248 4286 379 4348 bet
410 4285 838 4347 blut-aterius
862 4304 1184 4370 marmor,
1221 4285 1403 4367 quod
1427 4297 1780 4370 utrumque

1864 767 2282 836 praenomen
2307 753 2647 835 coniungit
2672 800 2689 829 ‚
2744 753 2986 838 scripto
3014 775 3028 818 ε
3065 751 3392 822 ”Ἐ.’ᾹΕΕ.

1864 848 2073 908 AVR.
2120 849 2221 909 M.
2262 846 2766 926 COMMODQ.
2839 840 2925 929 ὃ)
2954 850 3059 913 sed
3117 853 3198 913 de
3234 857 3393 932 ejus

1867 939 2000 1002 fide
2054 941 2322 1005 dubitat
2366 944 2500 1028 ipse
2557 945 2818 1019 editor,
2893 957 2961 1007 et
3005 947 3392 1011 subdubitat

1870 1053 2142 1119 quoque
2184 1039 2538 1103 Mat-iuius.
2581 1036 2640 1121 ⁶)
2692 1041 2866 1102 Vide
2916 1041 3154 1105 dehoc
3187 1064 3389 1128 argu-

1869 1142 2099 1191 mento
2151 1135 2469 1197 nonnulla
2525 1134 2668 1199 alia
2725 1136 2793 1196 in
2854 1137 3074 1199 numis
3135 1137 3444 1222 Getae„

1868 1229 2056 1309 'cujus
2099 1248 2369 1312 quoque
2409 1232 2857 1314 praenomina
2895 1234 3272 1301 variat-unt.

1965 1323 2310 1388 AELIVS.
2369 1328 2516 1390 Hoc
2539 1327 2637 1388 ini
2664 1346 2908 1389 nomen
2941 1329 3098 1391 inde
3134 1329 3240 1392 ab
3248 1333 3394 1395 Ha-

1868 1416 2129 1481 driano
2151 1425 2273 1504 per
2330 1424 2658 1506 repetitae
2714 1424 3105 1534 adoptionis
3164 1426 3385 1511 legem

1871 1514 2170 1576 accessit.

1966 1608 2185 1672 PIVS.
2236 1610 2343 1672 De
2383 1611 2581 1674 causa
2615 1614 2866 1678 -coll-ati
2922 1615 3116 1694 hujus
3180 1618 3387 1701 elogii

1872 1705 1974 1789 egi
2016 1707 2104 1767 ad
2147 1725 2393 1768 annum
2429 1711 2509 1770 V.
2550 1708 2624 1774 C.
2657 1713 2838 1793 936,
2889 1711 3216 1795 quoillud
3250 1716 3380 1796 pri·

1871 1822 2052 1864 mum
2094 1803 2162 1863 in
2198 1804 2417 1864 numis
2461 1802 2726 1889 legitur.
2795 1808 2988 1870 Pium
3026 1811 3166 1886 jam
3204 1828 3385 1873 anno

1864 1909 2016 1979 934
2055 1897 2244 1961 fuiss'e
2261 1901 2554 1978 dictum,
2609 1898 2828 1962 statuit
2869 1902 3388 1980 Mediobarbus

1871 1993 2028 2056 Non
2070 1996 2391 2079 impugno
2444 1998 2773 2058 maturius
2813 1994 2977 2059 istud
3004 2000 3384 2074 exordium3

1870 2106 2032 2150 nam
2068 2101 2339 2172 poterat
2384 2090 2618 2153 vidiss'e
2659 2111 2900 2155 numos
2951 2093 3222 2176 ignotos
3271 2100 3391 2162 mi-

1873 2182 1964 2244 hi.
2020 2189 2109 2244 At
2141 2205 2256 2246 cur
2291 2187 2511 2263 idem,
2568 2187 2682 2265 qui
2729 2189 2865 2266 ejus
2896 2187 3073 2248 tituli
3123 2191 3387 2253 natales

1875 2278 1965 2339 ad
2012 2297 2256 2341 annum
2298 2281 2383 2344 V.
2427 2277 2502 2343 C.
2548 2285 2690 2359 934
2723 2279 2901 2363 figit,
2949 2284 3090 2362 jam
3130 2285 3219 2345 ad
3269 2305 3386 2346 an-

1868 2391 1997 2435 nos
2047 2372 2224 2434 hunc
2261 2374 2697 2452 precedentes
2728 2373 3089 2438 Commodi
3133 2379 3389 2441 numis-

1870 2481 2058 2532 mata
2091 2469 2256 2530 citat
2275 2468 2392 2529 PII
2416 2488 2661 2529 nomen
2697 2470 3199 2554 praeferentia?
3233 2473 3388 2536 Sta-

1864 2576 2085 2627 tutum
2110 2583 2152 2624 a
2180 2583 2286 2625 me
2324 2565 2677 2625 exordium
2707 2565 3160 2650 comprobant
3200 2570 3388 2631 numi

1868 2660 2357 2736 Alexandrini,
2424 2661 2492 2720 in
2547 2659 2789 2742 quibus
2842 2664 3076 2725 titulus
3135 2664 3384 2729 CTCC-

1870 2757 2038 2822 BHC
2090 2775 2220 2818 non
2260 2756 2501 2840 legitur
2539 2768 2694 2818 ante
2738 2777 2987 2820 annum
3021 2763 3182 2837 ΚΔ,
3269 2761 3383 2843 qui

1873 2856 2099 2937 coepit
2136 2855 2204 2913 in
2247 2851 2437 2913 Thot
2481 2854 2565 2916 V.
2613 2851 2689 2915 C.
2711 2855 2950 2936 936.·

1939 2948 2266 3026 FELIX.
2321 2947 2575 3010 Narrat
2620 2949 3087 3032 Lampridius,
3154 2941 3239 3033 f)
3261 2913 3379 3016 da-

1866 3059 2005 3107 tum
2064 3044 2240 3106 hunc
2290 3040 2557 3102 tit-ulum
2620 3041 3046 3123 CommodO,
3122 3047 3375 3132 postea-

1865 3160 2070 3222 quam
2136 3138 2502 3213 Perenni8‚
2593 3140 2707 3218 qui
2763 3140 3039 3202 inhiasse
3082 3146 3373 3227 imperio

1861 3234 2265 3297 credebatur
2294 3277 2312 3306 ‚
2365 3250 2519 3292 cum
2549 3232 2832 3296 familia
2869 3233 2955 3296 est
2993 3238 3369 3310 exstinctus

1860 3332 2012 3392 Hoc
2078 3326 2459 3408 Lampridii
2522 3325 2971 3391 testimonium
3011 3331 3376 3394 -mendacii

1855 3427 2075 3509 arguit
2127 3422 2645 3498 Tillemontius,
2698 3426 3020 3504 quoniam
3053 3425 3380 3498 Commo-3

1856 3523 1980 3582 'dus
2018 3523 2158 3598 jam
2196 3519 2276 3577 in
2308 3518 2525 3578 numis
2571 3517 2728 3577 anni
2761 3520 2841 3578 V.
2885 3517 2959 3578 C.
3002 3532 3142 3626 934
3191 3519 3372 3582 Felix

1858 3616 2125 3687 dicitur,
2165 3612 2479 3672 Perennis
2506 3624 2731 3700 autem
2749 3610 2978 3673 saltem
3007 3615 3370 3697 quinquen·

1852 3712 1965 3771 nio
2006 3709 2209 3768 serius
2245 3705 2470 3767 caesus
2499 3705 2589 3767 [it.
2624 3702 2685 3784 g)
2733 3717 2825 3768 At
2864 3708 3105 3789 quibus
3143 3711 3209 3770 in
3252 3731 3366 3771 nu-

1854 3805 2033 3867 mis?
2084 3801 2559 3877 Mediobarbi,
2615 3820 2783 3882 quos
2819 3802 2956 3886 ipse
3005 3802 3194 3866 testes
3245 3808 3362 3869 ad.

1848 3910 2080 3963 vocat.
2137 3899 2385 3958 Verum
2436 3897 2845 3981 magnopere
2887 3918 2930 3961 a
2965 3900 3360 3963 Mediobar·

1846 3996 1935 4059 bo
1977 3992 2309 4056 diversum
2352 3994 2598 4054 docent
2644 3995 2824 4054 numi
2857 4014 3013 4057 --non
3069 3997 3393 4080 ignave-,-

1844 4092 1953 4153 sed
1996 4102 2309 4165 maturo,
2360 4101 2432 4150 ut
2472 4092 2811 4171 oportuit,
2883 4095 3194 4154 examine
3251 4095 3362 4157 de-

1843 4187 2093 4271 scripti,
2146 4198 2352 4268 atque
2395 4184 2465 4246 hi
2491 4183 2944 4247 Commodum
2983 4189 3363 4252 nonnisi-la-

1862 4283 2060 4345 bente
2088 4301 2278 4345 anno
2313 4282 2393 4343 V.
2439 4278 2512 4341 C.
2589 4291 2723 4363 938
2755 4283 3027 4347 ⁴Felicem
3083 4285 3366 4368 denique

228 4441 3376 4484 *ww—affl*

322 4526 384 4585 a)
422 4520 711 4577 Offervaz.

792 4559 805 4573 .
844 4541 961 4592 ¹03·

255 4593 384 4650 261.
425 4608 483 4658 7.
659 4592 719 4659 d)

802 4610 885 4662 ag.
923 4608 1040 4662 24⁶2.
1073 4613 1129 4664 5.

1182 4525 1236 4593 b)
1276 4529 1333 4576 in
1370 4523 1533 4607 Epist
1571 4524 1646 4579 ad
1684 4525 1912 4578 Maffei.
1934 4541 2028 4596 ap.
2067 4523 2272 4575 Mutat.
2312 4525 2479 4586 Tom
2517 4525 2566 4577 1.
2606 4539 2732 4590 pag
2778 4536 2888 4572 122.

1305 4596 1359 4660 e)
1396 4595 1545 4647 brat.
1583 4612 1789 4667 arv.„p.
1824 4611 1944 4663 355.

3149 4525 3198 4587 c)
3240 4523 3368 4593 Pag.

2116 4594 2159 4660 f)
2201 4593 2342 4667 Cap.
2381 4605 2431 4655 8.
2567 4593 2622 4662 g)
2660 4586 3037 4642 inConimodo
3069 4607 3128 4660 p.
3147 4608 3220 4647 m.
3241 4594 3363 4657 767.

3251 583 3404 649 2135
3497 650 3508 654 -
