4242 5459
894 615 1039 680 ,γα
1627 575 2481 653 ALEXANDER
2550 573 3223 654 SEVERVS.

892 795 1156 874 perator
1195 784 1263 846 in
1304 781 1595 867 suggestu
1657 781 1983 862 congiario
2050 777 2421 867 praefidens.
2496 791 2605 843 tur
2635 776 2894 842 factum
2919 777 3102 840 numi
3141 773 3507 861 praesentis
3543 788 3611 840 et
3641 777 4019 863 inscriptm,

895 884 1043 948 ΛΕ.
1084 899 1268 946 max.
1315 879 1499 944 mod.
1559 875 1907 960 (Harduin
1964 873 2144 962 Opp.
2188 874 2300 936 1'.el
2355 892 2424 956 p.
2473 887 2566 938 et
2601 888 2807 960 typus
2847 872 3194 936 adludunt.
3268 869 3446 957 Ergo
3509 874 3892 938 Alexander
3950 879 4015 940 Se

899 973 1098 1060 319.)
1152 975 1289 1039 ΛΕ.
1329 974 1383 1040 1.
1435 969 1644 1057 (Mus.
1678 966 1899 1050 Caes.)
2498 983 2708 1035 vocat
2736 968 3139 1035 Sacerdotem
3172 967 3395 1043 Vrbis,
3450 964 3693 1031 scilicet
3725 972 4011 1055 Romae,

994 1073 1223 1137 Prima
1270 1068 1442 1130 haec
1485 1065 1908 1143 liberalitas,
1961 1078 2048 1129 ut·
2088 1066 2300 1133 moris
2362 1085 2424 1127 e·
2502 1086 2676 1149 quae
2710 1066 2858 1148 ipsa
2916 1065 3045 1126 dea
3088 1063 3326 1125 habita
3349 1060 3518 1139 fuit,
3572 1077 3637 1125 et
3674 1069 3857 1145 cujus
3896 1087 4011 1128 nu·

903 1180 1055 1246 rat,
1105 1163 1410 1248 suscepto
1449 1163 1769 1247 imperim
2160 1240 2169 1250 .
2500 1164 2680 1225 mine
2723 1181 2831 1223 res
2866 1162 3183 1222 Romana
3221 1157 3626 1242 regebatur,
3672 1181 3805 1223 non
3847 1182 4019 1226 vero

1478 1307 1509 1338 ,,
1658 1256 1688 1287 ¹*
1835 1303 1868 1337 ⁸
2501 1260 2639 1337 ejus
2677 1258 2891 1333 deae,
2942 1256 3009 1316 in
3053 1257 3235 1335 cujus
3274 1254 3487 1316 tutela
3516 1251 3705 1317 fuere
3750 1269 3870 1318 aut
3924 1258 4011 1319 E·
4066 1261 4073 1267 ’

1200 1354 1296 1422 Vt
1330 1353 1426 1419 tit.
1489 1351 1584 1418 A.
2498 1353 2720 1435 mesa,
2774 1364 2892 1415 aut
2914 1349 3281 1434 Carthago,
3336 1349 3599 1416 Eodem
3631 1352 3839 1413 modo
3866 1353 4012 1436 qui·

896 1454 975 1516 P.
1019 1453 1120 1517 M.
1157 1452 1306 1515 TR.
1333 1452 1408 1512 Ρ.
1456 1445 1648 1510 COS.
1702 1444 1920 1511 addito
1948 1449 2017 1510 in
2057 1450 2204 1514 aliis
2237 1450 2310 1515 P.
2350 1450 2422 1514 P.
2498 1449 2660 1512 dam
2693 1448 2849 1511 Sex.
2895 1447 3204 1509 Valerius
3239 1445 3370 1508 sese
3399 1447 3688 1527 jactavit
3731 1448 3797 1510 in
3837 1466 4013 1511 mar-

897 1550 1089 1616 Miles
1112 1551 1291 1635 stans
1335 1545 1398 1608 d.
1435 1562 1716 1618 ramum,
1759 1544 1808 1622 fi
1844 1541 2114 1631 hastam,
2136 1549 2233 1608 in
2272 1567 2428 1611 area
2499 1564 2689 1609 more
2753 1541 3265 1607 SACERDotem
3316 1540 3600 1605 VRBlS.
3661 1539 4013 1606 ROMAE.

899 1645 1045 1708 AR.
1104 1642 1304 1724 (Mus.
1347 1636 1567 1720 Caes.)
1618 1639 1701 1702 In
1733 1638 1877 1703 aliis
1927 1640 2038 1705 alia·
2074 1646 2424 1729 typiprae-
2498 1638 3012 1704 AETERNAE.
3073 1636 3133 1716 ⁰)
3218 1637 3515 1697 Numam
3574 1635 3745 1699 hunc
3804 1638 4017 1702 causa

878 1741 1050 1830 sente
1098 1741 1286 1825 astro.
2495 1734 2790 1811 metalli,
2845 1734 3069 1818 operis
3128 1732 3429 1807 viliori&
3482 1747 3550 1793 et
3605 1734 4019 1816 epigraphes

1200 1832 1291 1897 Vt
1325 1831 1421 1896 lit.
1467 1831 1559 1895 A.
1615 1839 1675 1894 et
1722 1830 1790 1896 C.
2493 1830 2563 1893 in
2619 1833 2889 1904 antica,
2943 1831 3127 1908 cujus
3174 1827 3450 1890 similis
3430 1847 3497 1888 m
3549 1835 3824 1890 moneta
3860 1830 4015 1891 Ro..

875 1933 976 1996 P.
1017 1932 1113 1993 M.
1159 1929 1307 1991 TR.
1345 1929 1418 1994 P
1460 1925 1648 1990 COS.
1679 1927 1752 1992 P.
1778 1926 1853 1989 P.
1921 1924 2251 2016 Proceffus
2284 1948 2423 1994 con-
2496 1944 2705 1987 mana
2745 1945 2875 1988 non
2914 1925 3246 1998 occurrit,
3299 1942 3439 1987 non
3470 1921 3775 1987 dubitem
3812 1936 4017 1989 extra

878 2027 1156 2113 sutoris,
1223 2027 1291 2087 in
1339 2024 1481 2089 aliis
1535 2024 1646 2086 alii
1690 2025 1834 2106 typi
1901 2020 2139 2108 absente
2177 2026 2423 2113 semper
2495 2020 2733 2087 urbem
2781 2019 2971 2087 fuiss‘e
3011 2016 3387 2105 signatum.

895 2124 1081 2216 estro.
1134 2122 1281 2186 AV.
1329 2121 1473 2184 AR.
1515 2118 1654 2183 ΛΕ.
1710 2118 1760 2181 Ι.

1646 2263 1677 2295 ,
1825 2213 1858 2247 *¹
2860 2214 2944 2281 V.
2974 2209 3042 2275 C.
3077 2211 3232 2296 976.
3295 2211 3376 2275 P.
3408 2209 3495 2276 X.
3527 2234 3677 2296 223.

996 2314 1108 2381 Ad
1154 2312 1334 2376 hunc
1374 2312 1581 2375 etiam
1618 2329 1866 2373 annum
1903 2312 2181 2396 peroris
2211 2313 2419 2378 linea·
2695 2309 2831 2376 TR.
2882 2311 2983 2384 P„
3009 2307 3113 2372 II.
3156 2307 3337 2372 COS.
3386 2307 3469 2373 Ρ.
3503 2311 3603 2373 M.
3645 2310 3725 2373 P.
3763 2314 3850 2373 P.

899 2423 1132 2475 menta
1167 2407 1504 2473 referendi
1526 2406 1749 2470 numi:
1799 2407 2164 2475 PONTIF.
2194 2411 2427 2478 MAx.
2497 2405 2583 2480 L.
2608 2407 2831 2472 Mario
2873 2406 3167 2470 Maximo
3215 2403 3320 2468 II.
3365 2402 3445 2468 L.
3491 2404 3711 2492 Roscio
3742 2402 4029 2470 Aeliano

901 2507 1049 2569 TR.
1081 2506 1160 2569 P.
1196 2505 1283 2570 11.
1321 2503 1510 2569 COS.
1544 2502 1630 2570 ΙΙ.
1667 2501 1741 2563 P.
1763 2503 1880 2579 P..
1935 2503 2049 2584 qui
2079 2503 2420 2581 historiae,
3202 2499 3325 2587 cos.

902 2615 971 2665 et
1007 2600 1500 2685 chronologiae
1543 2608 1776 2680 aperte
1826 2611 2239 2683 repugnant,
2307 2600 2421 2662 sed

901 2699 988 2759 de
1025 2696 1274 2779 quibus
1315 2714 1518 2782 agam
1559 2694 1950 2757 intractata
1984 2694 2068 2754 de
2109 2693 2265 2757 trib.
2295 2712 2421 2779 po·
2578 2691 2932 2758 'Incertum
2957 2741 2983 2771 ,
3056 2705 3133 2756 ut
3190 2703 3257 2754 et
3322 2691 3596 2776 saepius
3653 2691 4025 2778 deincepS,

899 2790 1153 2857 testate.
2504 2806 2683 2873 quae
2719 2786 2909 2854 facta
2946 2788 3105 2854 huic
3135 2806 3315 2851 anno
3355 2787 3751 2851 debeantur.

1629 2880 1659 2914 Q
1799 2891 1807 2900 .
2220 2878 2227 2884 '
3348 2903 3355 2908 .

1191 2979 1383 3044 ΙΜΡ.
1435 2935 1783 3044 MARCO.
1822 2979 2033 3044 AVR.
2093 2979 2220 3045 SE.
2275 2981 2418 3046 AL.
2499 2970 2602 3045 A.
2790 2978 2977 3047 IMP.
3012 2981 3090 3046 C.
3135 2983 3236 3046 Μ.
3303 2978 3511 3042 AVR.
3569 2976 3756 3041 SEV.
3810 2977 4028 3040 ALE-

1189 3079 1337 3138 AV.
1392 3076 1592 3156 Caput
1623 3071 1990 3140 laureatum.
2788 3079 3070 3143 XAND.
3103 3075 3314 3142 AVG.
3370 3074 3572 3157 Caput
3595 3071 4030 3139 laureantia

898 3166 2178 3258 SACERDOS.VRB1S.Imperator
2238 3176 2424 3259 flans
2795 3175 2961 3243 AV.
3002 3184 3063 3238 et
3103 3173 3262 3240 AR.

900 3281 1045 3337 ante
1086 3289 1267 3334 aram
1303 3267 1367 3332 d.
1421 3265 1663 3356 demaeffa
1711 3289 2002 3349 ramum,
2061 3269 2121 3355 Ι.
2169 3268 2419 3357 hastam.
2500 3261 2604 3335 Β.
2792 3270 2981 3335 ΙΜΡ.
3015 3268 3262 3333 CAES.
3303 3268 3403 3331 M.
3434 3265 3646 3329 AVR.
3689 3263 3878 3327 sEv.
3923 3269 4027 3329 A-

900 3368 1040 3432 AE.
1080 3365 1195 3430 111.
1235 3363 1438 3448 (Mus.
1482 3361 1705 3444 Caes.)
2794 3364 3317 3428 LEXANDER.
3357 3357 3565 3426 AVG.
3654 3361 3852 3445 Caput
3885 3363 4025 3427 lau-

997 3461 1419 3547 Singularem
1465 3459 1682 3541 hunc,
1747 3467 2017 3524 et'vere
2061 3464 2418 3545 antiquum
2794 3471 3077 3539 reatum,
3127 3458 3363 3524 inAE.
3392 3457 3462 3526 I.
3484 3457 3671 3522 etiam
3698 3457 4029 3525 radiatam

896 3579 1177 3624 numum
1224 3558 1386 3619 olim
1433 3556 1656 3633 edidi,
1709 3568 1777 3619 et
1833 3557 2104 3642 copiose
2141 3556 2423 3623 illustra·
2793 3562 2860 3623 in
2898 3557 3048 3623 AE.
3088 3557 3193 3620 II.

901 3653 996 3717 vi.
1040 3652 1104 3733 ²)
1174 3654 1490 3716 Diximus
1545 3652 1617 3712 in
1672 3665 1950 3715 moneta
2015 3653 2425 3739 Elagabali,
3081 3704 3117 3737 ¹,
3259 3646 3292 3677 ⁸
3438 3704 3473 3737 ¹,

902 3745 1263 3832 Augustum
1309 3747 1489 3808 hunc
1554 3744 1795 3810 stolido
1835 3748 2125 3812 ⁴consilio
2183 3750 2416 3834 spretis
2795 3750 2890 3817 Vt
2935 3751 3027 3813 tie.
3078 3746 3169 3812 A.

898 3844 1370 3905 Romanorum
1420 3841 1624 3907 sacris
1651 3842 1909 3925 “Syram
1953 3847 2064 3907 dei
2127 3844 2219 3906 sui
2267 3845 2416 3920 reli·
2500 3848 2580 3911 P.
2632 3847 2734 3916 M.
2766 3847 2919 3911 TR.
2952 3848 3022 3910 Ρ.
3070 3844 3158 3912 11.
3197 3841 3390 3912 COS.
3424 3843 3499 3910 P.
3543 3842 3620 3910 P.
3667 3840 3872 3909 variis
3914 3851 4028 3927 ty·

899 3939 1170 4021 gionem
1202 3980 1222 4011 ,
1276 3946 1344 3996 et
1400 3933 1718 4000 eoelestis
1768 3936 2417 4025 Carthaginienssum
2492 3946 2622 4029 pis.
2672 3947 2822 4007 AV.
2862 3943 3005 4006 AR.

901 4034 1074 4094 deae
1101 4030 1352 4093 cultum
1386 4032 1455 4093 in
1485 4031 1721 4095 urbem
1754 4030 2084 4101 infudisse.
2138 4040 2227 4097 At
2260 4055 2416 4098 con.
2795 4038 2890 4104 Vt
2912 4039 3008 4103 tit.
3049 4037 3142 4102 Β.
4050 4065 4071 4072 ”

899 4127 1024 4194 fiat
1058 4128 1310 4202 etiam,
1364 4128 1824 4191 Alexandrum
1874 4128 2095 4193 statim
2138 4128 2229 4192 ab
2273 4133 2416 4193 adi·
2497 4133 2860 4196 PONTIF.
2902 4135 3127 4198 MAX.
3164 4133 3315 4196 TR.
3349 4133 3427 4196 P.
3469 4125 3561 4198 H.
3600 4128 3794 4197 COS.
3835 4131 4029 4210 151³.

902 4236 976 4287 to
1014 4223 1303 4308 imperio
1341 4222 1619 4284 abolitis
1681 4222 1995 4287 barbaris
2041 4225 2150 4289 his
2213 4225 2416 4290 sacris
2494 4228 2563 4294 S.
2605 4226 2682 4291 C.
2734 4231 2941 4293 variis
2975 4233 3159 4313 typis.
3208 4227 3444 4291 AE.I.
3488 4228 3597 4291 11.

902 4320 1073 4383 aviti
1105 4319 1319 4380 cultus
1356 4317 1642 4379 nitorem
1698 4316 2038 4385 restituiss'e
2078 4321 2415 4385 Herodia-
2556 4363 2563 4368 -
2798 4325 2891 4391 Vt
2922 4327 3015 4388 tit.
3058 4326 3134 4390 B.
3192 4347 3201 4358 ·

900 4433 1000 4478 ιο
1026 4411 1192 4478 istud
1228 4414 1464 4475 diserte
1495 4409 1793 4478 testante.
1833 4402 1892 4492 b>
1958 4418 2065 4479 Ad
2106 4416 2245 4480 hoo
2294 4418 2414 4503 igi·
2492 4419 2729 4486 Eadem
2757 4420 3114 4506 epigraphe.
3164 4417 3716 4505 amphitheatrum
3746 4437 4030 4486 cunm

970 4625 1032 4695 a)
1067 4623 1288 4698 Sylloge
1320 4623 1372 4689 1,
1405 4639 1467 4697 ῃ.
1500 4638 1620 4695 ²⁹3·
1829 4621 1894 4696 b)
1931 4627 1991 4681 in
2010 4624 2179 4685 Alea.
2206 4624 2300 4684 tub
2333 4628 2463 4696 init..
2664 4632 2713 4701 e)
2746 4628 2905 4688 Bessi
2934 4629 3247 4688 Memoriae
3282 4627 3459 4685 Brese.
3489 4646 3549 4701 p.
3584 4643 3706 4702 ²7⁸·
