4242 5459
755 497 937 569 .174

687 668 694 673 ³
803 684 1026 759 Atque
1065 672 1232 737 istud
1265 668 1500 733 Severi
1552 664 1917 728 institutum
1968 657 2108 744 jam
2163 659 2317 747 ipsis

798 773 1169 847 veteribus,
1222 779 1296 830 ut
1331 763 1656 849 oportuit,
1684 748 2038 824 ridiculum
2081 757 2316 839 visum,

802 880 870 931 et
911 865 1118 929 refert
1145 865 1282 926 Dio
1317 858 1730 923 salsissimum
1781 854 2055 939 Aspacis
2100 856 2315 934 cujus·

743 980 748 985 ·
803 965 964 1027 dam
1006 959 1300 1022 hominis
1351 951 1839 1016 mordacissimi
1876 950 2157 1023 dictum,
2204 966 2311 1009 cu-

795 1062 902 1141 jus
939 1053 1152 1118 multa
1187 1064 1329 1114 tum
1384 1048 1541 1111 salse
1601 1066 1684 1108 ac
1731 1045 1987 1107 urbane
2042 1043 2315 1126 prolata

699 1207 704 1213 .
802 1152 1073 1234 cognita
1115 1146 1349 1223 fuere,
1401 1145 1695 1227 quicum
1734 1141 2058 1203 Severum
2094 1137 2315 1199 Marci

800 1244 1109 1308 familiae
1176 1241 1583 1324 adscriptum
1649 1237 1955 1311 audiret,
2007 1232 2091 1295 [ic
2160 1252 2313 1294 eum

803 1337 1283 1423 compellavit:
1329 1333 1638 1419 gratulor
1665 1330 1820 1413 tibi,
1872 1329 2118 1417 Caesar,
2152 1314 2320 1415 quod

793 1446 1043 1520 patrem
1108 1434 1420 1517 reperisti,
1484 1428 1732 1492 scilicet
1799 1439 2126 1508 tanquam
2199 1444 2315 1506 pa·

783 1546 970 1594 ‘trem
1016 1541 1172 1591 ante
1213 1546 1348 1590 non
1388 1524 1719 1587 habuisset
1752 1535 1892 1585 tam
1941 1520 2221 1582 obscuro
2251 1531 2318 1582 et

803 1625 1071 1691 occulto
1115 1641 1356 1708 genere
1391 1631 1615 1685 natuS.
1658 1617 1721 1699 ⁸)
1791 1622 1878 1679 At
1927 1618 2102 1678 enim
2159 1634 2313 1677 con-

804 1722 1012 1787 mium
1048 1718 1214 1782 istud
1269 1734 1700 1799 nequaquam
1752 1712 1820 1774 in
1881 1712 2135 1774 Severo
2194 1709 2312 1772 ssu-

802 1819 1030 1903 poris‚
1084 1802 1202 1877 aut
1255 1811 1552 1882 insaniae
1609 1818 2074 1891 argumentum
2144 1803 2311 1881 fuit,

804 1933 979 1996 quae
1014 1910 1099 1973 ab
1132 1909 1248 1972 illo
1291 1907 1488 1990 longe
1514 1902 1834 1978 absume,
1889 1902 1996 1963 sed
2038 1920 2172 1982 qua
2216 1900 2314 1962 in·

805 2019 1037 2072 coctus
1086 2003 1252 2082 fuit,
1345 1999 1780 2078 calliditatis,
1868 2012 1935 2059 et
2008 1992 2311 2061 astutiae.

801 2103 1069 2166 Etenim
1109 2113 1251 2163 tam
1287 2094 1598 2161 illustrem
1651 2092 2037 2178 prosapiam
2093 2112 2312 2154 emen-

799 2200 960 2260 titus
996 2196 1208 2258 multo
1234 2194 1295 2257 se
1335 2191 1551 2276 magis
1588 2187 1952 2273 gratiosum
1989 2180 2174 2273 apud
2196 2188 2314 2250 mi-

800 2296 1031 2373 litem,
1083 2292 1455 2373 rudemque
1507 2285 1835 2371 populum
1887 2282 2154 2363 effecit,
2214 2295 2312 2347 at-

805 2410 932 2473 que
995 2389 1153 2449 hinc
1207 2390 1311 2469 Jus
1365 2383 1483 2446 fibi
1540 2397 1813 2457 natum,
1881 2399 2015 2464 quo
2069 2399 2316 2442 nomen

803 2486 1117 2549 Antonini
1143 2479 1510 2544 transferre
1544 2478 1612 2539 in
1646 2474 1856 2537 filium
1892 2475 2316 2553 Bassianum,

805 2599 1091 2662 eumque
1153 2574 1587 2640 Antoniniani
1645 2570 1936 2632 nominis
1992 2569 2313 2644 obtentu,

803 2676 984 2758 quod
1025 2686 1165 2735 tum
1210 2673 1514 2733 divinum
1561 2664 1961 2735 videbatur,
2039 2682 2314 2723 venera-

798 2770 1006 2832 bilem
1077 2766 1390 2827 omnibus
1443 2760 1657 2845 poll'et
1726 2754 2139 2823 constituere.
2234 2762 2322 2821 At

801 2860 1041 2923 falsum
1080 2858 1407 2921 adstruxit
1436 2856 1747 2916 Severus.
1817 2849 2009 2927 Este,
2068 2865 2141 2914 at
2178 2854 2314 2915 nul-

799 2957 940 3018 lum
990 2954 1088 3015 illi
1151 2950 1387 3028 nefas,
1462 2947 1670 3010 modo
1728 2946 2067 3031 proposito
2117 2946 2315 3011 servi-

801 3062 926 3114 ret.
981 3054 1070 3112 At
1104 3044 1449 3109 conflabat
1484 3044 1565 3105 de
1611 3041 1853 3106 fraude
1879 3090 1897 3120 ,
1951 3056 2015 3105 et
2044 3046 2315 3107 menda-

804 3146 935 3208 cio.
1021 3140 1328 3205 Constitit
1385 3141 1536 3203 sane
1587 3141 1820 3223 peritis
1869 3159 2134 3221 rerum,
2202 3140 2315 3202 scd

799 3239 1224 3315 imbellibuS,
1279 3249 1343 3300 et
1372 3237 1738 3319 occupavit
1769 3233 2134 3319 superstitio
2173 3239 2313 3298 ani-

800 3355 952 3400 mos
993 3335 1223 3398 militis
1257 3333 1576 3408 barbari,
1628 3343 1694 3393 et
1750 3330 1977 3414 vulgi,
2052 3350 2223 3414 quos
2273 3332 2319 3396 fi

799 3433 927 3498 tibi
966 3431 1316 3495 devinctos
1347 3429 1603 3492 habeas
1632 3471 1653 3502 ,
1705 3424 2031 3489 nobilium
2055 3473 2074 3502 ,
2146 3430 2318 3510 peri.

800 3542 1161 3609 torumque
1217 3525 1489 3589 fastidia
1549 3521 1753 3586 facile
1815 3522 2315 3605 contempseris„

805 3623 1108 3685 Similem
1160 3621 1425 3684 causam
1480 3619 1863 3701 praetexuit
1927 3616 2318 3680 Alexander

805 3718 945 3791 M,
999 3735 1147 3775 cum
1191 3716 1252 3775 se
1303 3714 1650 3777 Ammonis
1685 3713 1894 3775 filium
1945 3714 2079 3775 dici
2114 3714 2315 3776 volu-

1511 466 1609 540 L.
1705 459 2439 540 ‘SEPTIMIVS
2540 460 3270 547 SEVERVS.3

2401 659 2697 744 emplum
2729 659 3011 745 appetiti
3048 659 3307 743 generis
3339 656 3692 723 nobilioris
3722 660 3900 725 dedit

2400 756 2626 837 Ner-0,
2696 757 2856 838 qui,
2926 774 3077 816 cum
3137 754 3293 817 ess‘et
3364 758 3583 839 gentis
3638 776 3753 840 per
3787 758 3899 818 ad·

2400 851 2747 937 optionem
2790 850 3158 925 Claudiae,
3213 851 3472 913 maluit·
3510 851 3635 912 ell'e
3693 852 3902 913 surcu-

2400 946 2504 1009 lus
2546 947 2762 1030 gentis
2807 944 3215 1021 Caesareae,
3272 946 3355 1008 de
3397 965 3530 1028 quo
3581 944 3744 1007 olim
3795 954 3905 1008 co·

2398 1041 2642 1126 piofius
2683 1060 2957 1124 agemus
2986 1039 3144 1102 Vol.
3189 1041 3373 1110 VIII.
3415 1042 3489 1104 in
3518 1040 3906 1104 Observatis

2395 1136 2845 1223 generalibuS.

3314 1277 3342 1312 U

2688 1290 2923 1391 Eadem
2952 1279 3228 1412 'adversa

2395 1425 2469 1487 P.
2506 1426 2604 1487 M.
2650 1424 2799 1490 ΤΗ.
2836 1425 2909 1489 Ρ.
2947 1422 3062 1483 111.
3101 1422 3292 1484 COS.
3316 1423 3416 1499 Π.
3450 1423 3526 1488 Ρ.
3578 1424 3657 1489 Ρ.
3709 1426 3912 1490 variis

2396 1523 2583 1605 typis.
2632 1520 2774 1583 AR.
2814 1520 2951 1583 ΑΕ.
2999 1518 3049 1582 1.
3094 1518 3178 1580 11.
3237 1518 3441 1601 (Mus.
3482 1516 3703 1599 Caes.)

2747 1709 2830 1775 V.
2874 1711 2940 1777 C.
2975 1731 3130 1793 949.
3177 1712 3256 1776 P.
3294 1710 3383 1776 X.
3426 1712 3566 1789 196.

2404 1803 2540 1871 ΤΚ.
2607 1803 2688 1869 Ρ.
2756 1805 2890 1871 IV.
2968 1805 3147 1870 COS.
3205 1807 3307 1869 II.
3373 1806 3455 1871 P.
3524 1804 3623 1870 M.
3694 1805 3768 1869 P.
3820 1807 3909 1893 P.

2944 1902 3144 1966 IMP.
3204 1900 3372 1968 VII.
3468 1905 3477 1911 ”

2401 1996 2465 2061 C.
2507 1994 2786 2062 Domitio
2831 1997 3115 2062 Dexter-o
3160 2000 3199 2062 1
3204 2000 3245 2061 I
3246 2046 3256 2057 .
3308 1997 3387 2062 L.
3451 1995 3522 2063 V
3516 1995 3600 2061 al.
3650 1993 3907 2084 Meffala

2968 2091 3183 2179 Prisco
3223 2092 3336 2181 τρί’.

2492 2271 2899 2366 Byzantium
2936 2281 3081 2367 post
3123 2280 3599 2347 difficillimam
3642 2283 3909 2349 triennii

2399 2379 2813 2444 obsidionem
2853 2379 2940 2441 ad
2977 2380 3390 2445 deditionem
3426 2382 3705 2465 cogitur.
3792 2379 3911 2441 Se-

2397 2493 2596 2538 verus
2656 2475 2889 2536 urbem
2946 2474 3296 2537 moenibus
3354 2494 3436 2537 ac
3494 2475 3909 2539 ornamentis

2396 2571 2739 2655 pr1vata1n
2801 2571 3157 2633 Perinthiis
3205 2570 3482 2652 subjicit.
3543 2561 3605 2649 d)
3678 2569 3801 2633 Alb
3837 2572 3913 2631 ni

2396 2666 2542 2726 vita
2578 2663 2894 2725 incassum
2931 2685 3049 2749 per
3090 2664 3357 2728 infidias
3391 2656 3724 2729 attentata
3768 2667 3907 2726 Ne·

2398 2757 2846 2843 sopotamiam
2880 2761 3196 2842 relinquit
3256 2775 3498 2844 aperto
3562 2759 3911 2824 aemulum

2395 2854 2582 2918 bello
2622 2854 3055 2939 aggressurus.
3111 2856 3471 2919 Viminacii
3508 2852 3908 2921 Bassianum

2396 2949 2607 3013 filium
2645 2947 2954 3035 Caesarem
2993 2951 3299 3033 appellat
3334 2953 3551 3015 indito
3595 2951 3913 3016 Antonini

2396 3043 2688 3108 nomine.
2732 3046 3005 3115 Romae
3046 3045 3362 3113 Albinum
3406 3044 3657 3113 hostem
3717 3047 3781 3112 S.
3828 3046 3909 3111 C.

2390 3141 2689 3223 judicat,
2742 3142 2810 3203 in
2847 3137 3141 3202 Galliam
3186 3142 3475 3227 denique
3530 3144 3616 3205 ad
3656 3142 3915 3206 bellum

2396 3237 2562 3302 exit.
2604 3237 2658 3314 Β)

2688 3332 2766 3396 L.
2863 3331 3368 3396 SEPTIMIVS.
3489 3333 3917 3402 SEVERVS.

2689 3429 3178 3493 PERTINAX.
3236 3426 3441 3492 AVG.
3500 3431 3684 3493 IMP.
3744 3429 3907 3496 VII.

2693 3527 2894 3609 Caput
2936 3526 3304 3589 laureatum.

2396 3619 2616 3690 DIVI.
2670 3625 2769 3685 M.
2829 3620 2968 3683 PII.
3022 3621 3098 3683 F.
3152 3622 3231 3684 P.
3287 3620 3397 3684 M:
3432 3620 3582 3682 TR.
3634 3622 3704 3684 Ρ.
3747 3621 3914 3688 ῙΙῙῙ.

2402 3716 2595 3783 COS.
2631 3718 2718 3780 11.
2756 3718 2825 3780 Ρ.
2870 3716 2940 3778 Ρ.
2986 3717 3178 3781 Mars
3208 3716 3566 3801 seminudus
3620 3718 3919 3801 galeatus

803 3814 875 3873 it.
937 3809 1218 3882 Vtinam,
1272 3807 1537 3884 aiebat,
1589 3796 1648 3884 b)
1703 3808 2105 3894 Indiquoque
2141 3810 2319 3874 deum
2378 3815 2558 3898 stans
2604 3815 2664 3877 d.
2724 3810 2988 3898 hastam,
3025 3813 3088 3897 s.
3137 3811 3439 3895 clypeum,
3481 3833 3606 3895 pro
3651 3813 3945 3903 pedibus—

807 3902 910 3994 effe
945 3924 1035 3966 me
1078 3901 1373 3967 credant!
1420 3904 1617 3965 Fama
1646 3904 1801 3965 enim
1840 3902 1986 3967 bella
2024 3907 2315 3989 constant,

805 4011 864 4064 et
901 4000 1085 4085 saepe
1147 4002 1374 4071 etiam,
1446 3998 1612 4082 quod
1640 3998 1808 4084 falso
1869 4000 2167 4063 creditum
2207 4006 2317 4088 est,

805 4099 939 4160 veri
972 4099 1158 4158 vicem
1205 4096 1486 4159 obtinuit.
1578 4094 1834 4156 Eodem
1883 4095 1939 4154 is
1993 4096 2054 4155 se
2110 4099 2316 4159 modo

809 4193 1082 4255 excusat
1101 4192 1280 4273 apud
1308 4190 1701 4253 Lucianum.
1741 4188 1800 4270 ο)
1851 4186 2183 4251 Vetustius
2207 4214 2317 4254 ex.

881 4428 938 4489 a)
980 4425 1044 4477 L.
1082 4425 1352 4477 LXXVI.
1389 4442 1438 4491 9.

806 4498 866 4561 Ὁ)
904 4495 1056 4558 Dio,
1095 4494 1413 4558 Herodian,
1450 4493 1724 4564 Spartian-

1627 4423 1686 4489 b)
1723 4425 1871 4476 Curt.
1909 4426 1978 4487 L:
2017 4431 2177 4482 vlu.
2216 4447 2260 4481 c.
2300 4440 2352 4491 8.

2401 3910 2638 3973 thorax
2653 3930 2679 3985 ;
2726 3911 2793 3970 in
2828 3910 2973 3972 aliis
3001 3908 3112 3995 qlii
3133 3912 3291 3991 typi:
3330 3910 3471 3971 ΑΕ.
3515 3929 3673 3971 max
3724 3910 3919 3972 mod.

2403 4005 2599 4075 (Mus.
2628 4003 2814 4065 Caes.
2848 4004 3007 4085 Reg.
3053 4000 3340 4068 Galliar.
3375 4004 3519 4066 tab.
3565 4017 3670 4076 ιε.
3709 4005 3923 4073 Vaill.

2400 4099 2605 4159 Tom.
2655 4096 2772 4161 111.
2810 4119 2875 4181 p.
2917 4101 3027 4178 63.
3082 4100 3241 4161 Mus
3288 4096 3594 4178 Albani.)

2448 4193 2881 4278 Epigraphen
2902 4194 3177 4256 aversae
3199 4215 3362 4257 mox
3391 4194 3917 4279 explicavimus.

2491 4438 2576 4503 .⁰)
2617 4432 2843 4506 Dialog‚
2879 4447 3034 4489 mort.
3077 4449 3156 4501 ²4·
3330 4433 3390 4505 d)
3425 4435 3558 4488 Dio.
3600 4382 3916 4487 142„onss
