4242 5459
818 622 956 694 278

821 801 1045 890 gratia
1073 846 1094 876 ,
1147 797 1216 860 in
1265 794 1565 860 omnium
1600 795 1761 859 ess'et
1798 793 2189 874 amoribus,
2245 795 2345 858 ita

822 911 891 964 et
928 896 1184 961 sobrius
1212 944 1233 978 ,
1284 904 1352 956 et
1382 892 1670 978 frugalis
1704 893 1773 954 in
1810 893 2000 955 victu
2023 938 2043 967 ‚
2097 903 2167 953 et
2196 911 2344 955 cor-

816 995 1007 1084 poris
1051 991 1233 1057 cultu
1259 1037 1279 1065 ‚
1330 991 1398 1053 in
1439 988 1802 1053 tractanda
1837 986 2228 1071 republica,
2282 1004 2348 1050 et

818 1085 1351 1159 administranda
1379 1086 1768 1168 tuendaque
1804 1080 2052 1164 justitia
2086 1082 2347 1146 adiidu-

822 1209 928 1255 us,
979 1187 1169 1249 Acer
1198 1183 1265 1246 in
1306 1180 1710 1245 restituenda
1746 1179 2026 1243 militari
2058 1179 2346 1265 discipli·

820 1306 912 1350 na
939 1331 959 1361 ,
1012 1302 1217 1367 quam
1257 1277 1618 1364 Elagabali
1654 1276 1982 1340 vecordia
2016 1278 2343 1361 corrupit,

817 1383 1119 1468 legiones
1169 1378 1506 1461 integras,
1557 1393 1711 1437 cum
1769 1370 2160 1454 obsequium
2217 1375 2342 1438 de-

815 1473 1241 1553 trectabant,
1309 1469 1806 1535 exauctoravit.
1914 1468 2341 1554 Religionem

821 1574 1073 1640 eximie
1109 1569 1364 1651 coluit,
1434 1566 1546 1629 sed
1590 1562 2006 1650 promiscue3
2073 1584 2236 1627 nam
2292 1563 2338 1629 fi

818 1671 992 1736 fides
1059 1664 1465 1750 Lampridio
1502 1710 1523 1739 ,
1615 1660 1682 1744 ⁸)
1752 1663 1821 1723 in
1885 1659 2140 1724 larario
2220 1661 2334 1724 sno

817 1776 1090 1855 praeter
1126 1761 1400 1845 cognita
1440 1759 1578 1840 jam
1633 1758 1910 1820 numina
1963 1754 2335 1840 Christum,

731 1881 743 1894 ·
821 1860 1333 1934 Abrahamum,
1417 1853 1810 1941 Orpheum,
1892 1850 2335 1937 Apollonium

819 1942 1246 2043 Tyanensem
1267 1949 1594 2038 repositos
1610 1949 1850 2013 habuit
1868 1996 1887 2027 ,
1940 1959 2161 2011 matre
2185 1951 2334 2011 Ma·

819 2073 1025 2120 maea
1048 2050 1233 2115 haud
1268 2049 1472 2114 dubie
1514 2049 1603 2110 ad
1642 2043 2017 2109 Christiana
2055 2045 2335 2130 dogma·

818 2167 893 2217 ta
938 2151 1290 2225 hortante,
1340 2163 1548 2230 quam
1604 2140 1796 2204 fuisse
1848 2137 2338 2220 Christianam,

821 2263 894 2314 ut
928 2249 998 2311 in
1040 2249 1180 2327 ejus
1216 2245 1362 2307 vita
1413 2241 1755 2316 dicemus,
1821 2238 2069 2323 passim
2119 2239 2338 2302 credi-

817 2360 983 2410 tum.
1033 2344 1212 2405 Tam
1254 2336 1610 2425 praeclaro
1650 2334 1942 2421 principi
1994 2333 2143 2420 ipsa
2204 2336 2337 2399 vir.

816 2459 964 2523 tus,
1013 2439 1126 2502 sed
1195 2456 1371 2521 quae
1436 2432 1603 2521 fines
1658 2430 1979 2508 excessit,
2047 2431 2333 2494 exitium

819 2538 1084 2610 attulit3
1156 2533 1472 2596 nimirum
1516 2549 1668 2594 cum
1710 2539 1991 2613 propter
2045 2528 2332 2591 incredi-

813 2634 1025 2699 bilem
1072 2633 1140 2695 in
1190 2641 1479 2694 matrem
1527 2627 1856 2711 pietatem
1919 2623 2127 2686 etiam
2193 2623 2332 2686 illis

729 2711 736 2718 ⁰
821 2736 959 2813 ejus
994 2726 1281 2793 confiliis
1338 2743 1600 2788 morem
1657 2720 1980 2785 continuo
2026 2729 2331 2804 gereret,

817 2848 993 2912 quae
1038 2822 1174 2910 ipse
1207 2823 1427 2886 minus
1462 2841 1498 2883 e
1551 2839 1697 2904 rep.
1749 2815 1901 2880 fore
1953 2814 2330 2895 intellexit,

1584 591 2436 670 ALEXANDER
2535 592 3170 671 SEVERVS.

2427 794 2548 862 Sat
2563 795 2872 884 gradiens
2882 793 2949 859 d.
2975 794 3139 862 elata
3153 843 3174 876 ,
3206 794 3267 885 s.
3282 794 3626 884 flaganiam,
3675 797 3747 863 in
3765 801 3967 869 omni

2429 893 2714 957 metallo
2758 906 2823 955 et
2864 890 3115 955 forma.
3724 887 3733 896 ’

2526 990 2735 1052 Numi
2770 1007 2920 1051 cum
2962 989 3091 1052 hac
3122 988 3284 1052 trib.
3318 987 3649 1076 potestate
3685 1010 3824 1054 non
3849 992 3955 1055 in-

2428 1084 2865 1170 frequenteS,
2915 1098 3146 1148 tamen
3181 1087 3266 1149 de
3322 1085 3463 1150 alio
3508 1086 3787 1151 aversae
3840 1099 3951 1171 ty-

2426 1201 2520 1269 po
2566 1201 2705 1246 non
2740 1179 3014 1248 constat.

2910 1373 2989 1441 N
2997 1375 3166 1439 nmo·
3257 1377 3487 1460 vagi.

2519 1566 2783 1632 Horum
2826 1567 3057 1653 ingens
3087 1585 3403 1631 numerus
3446 1566 3617 1632 raris
3663 1567 3954 1638 aversae

2421 1665 2648 1752 typis,
2698 1663 2811 1727 nist
2848 1663 3096 1726 obviis,
3151 1661 3382 1744 Quare
3410 1660 3657 1729 nonnifi
3674 1660 3948 1738 illustri-2

2424 1780 2579 1825 ores
2633 1779 2721 1821 ex
2761 1761 2946 1823 omni
2988 1759 3256 1845 agmine
3298 1759 3433 1825 hoc
3473 1760 3629 1823 loco
3695 1757 3951 1828 descri-

2420 1855 2665 1920 bentur
2741 1856 3002 1918 omissis
3089 1854 3389 1941 reliquis.
3505 1856 3639 1919 Pro
3693 1853 3990 1921 horum·

2422 1962 2653 2018 aetate
2679 1954 2976 2014 eruenda
3010 1971 3143 2015 non
3196 1972 3437 2036 parum
3478 1948 3783 2018 conseret
3816 1951 3954 2016 ob·

2422 2048 2690 2112 servare
2733 2047 3196 2133 inscriptiones
3243 2049 3488 2134 capitis
3517 2093 3538 2126 ,
3588 2065 3761 2131 quas
3818 2067 3951 2134 per

2421 2142 2828 2218 intervalla,
2881 2155 2948 2206 et
2995 2155 3180 2207 certa
3226 2143 3376 2231 lege
3407 2143 3695 2208 variass'e
3724 2140 3948 2230 'supra

2422 2242 2491 2305 in
2542 2259 2899 2305 numorum
2966 2238 3263 2324 ipsorum
3325 2240 3769 2328 descriptione
3833 2241 3950 2306 vi·

2420 2338 2666 2405 dimus.

2417 2522 2520 2598 A.

3168 2426 3201 2466 ἢ

2622 2541 2629 2546 ·
2705 2528 2897 2591 ιΜΡ.
2954 2484 3200 2593 &Ans
3271 2482 3380 2593 ΜῘ
3452 2530 3662 2597 Avn.
3745 2528 3951 2600 SEV.

2706 2624 3170 2708 ALEXAND.
3203 2621 3414 2692 AvG.
3468 2625 3670 2712 Caput
3698 2624 3953 2693 laurea-
4028 2639 4041 2649 ·

2416 2728 2946 2883 AETEnZ'i'ii
2957 2817 3249 2882 T1Bv8.
3350 2817 3589 2884 Mater
3650 2821 3824 2913 pm
3844 2789 3849 2802 ’
3872 2821 3944 2887 a.

820 2934 1024 3004 atque
1062 2919 1194 2981 hac
1228 2917 1544 2979 suadente
1581 2912 2030 3001 parsimoniae
2094 2913 2331 2975 intem·
2410 2913 2715 2999 globum,
2745 2914 2807 3000 s.
2847 2916 3074 2983 invaixa
3137 2913 3448 2981 columnae
3468 2916 3776 3003 spiculum
3815 2933 3949 3002 ge·

811 3015 1068 3105 pefiive
1135 3012 1466 3088 studeret,
1518 3029 1835 3096 magnum
1885 3008 2176 3074 militum
2210 3028 2329 3071 nu·
2392 3013 2555 3100 fiat.
2606 3010 2752 3078 AR.
2804 3010 3081 3097 (vain.)

812 3132 1076 3180 merum
1105 3159 1124 3191 ,
1176 3128 1464 3194 quorum
1510 3127 1596 3170 ea
1652 3118 1882 3171 aetate
1930 3103 2330 3169 insatiabilis

809 3210 946 3275 fuit
987 3208 1368 3296 cupiditas,
1422 3204 1511 3270 ab
1550 3203 1615 3267 se
1643 3204 1912 3269 avertit.
1965 3202 2140 3265 Sane
2178 3220 2334 3265 cum

809 3307 941 3373 sese
980 3308 1070 3371 ad
1107 3323 1342 3370 necem
1382 3302 1662 3388 quaeri,
1714 3317 1933 3382 neque
1972 3297 2183 3361 ullum
2232 3297 2330 3361 sa-

809 3406 938 3471 luti
986 3401 1308 3490 effugium
1345 3401 1651 3475 videret,
1703 3395 1932 3481 coepit
1989 3392 2148 3480 ipse·
2186 3414 2329 3459 ma.

806 3516 1023 3579 trem,
1076 3502 1186 3565 cui
1221 3496 1593 3583 implicitas
1634 3489 2011 3567 haerebat,
2076 3491 2333 3555 incusa-

807 3621 907 3686 re,
954 3597 1082 3661 sese
1119 3601 1259 3681 ejus
1292 3595 1490 3658 unius
1521 3588 1720 3655 causa
1740 3599 2048 3653 extrema
2081 3577 2330 3673 pati.¹’)

2134 3677 2159 3697 l

913 3693 1189 3760 onres.
1242 3692 1350 3756 De
1387 3692 1494 3756 his
1530 3689 1730 3765 vide,
1794 3705 1971 3771 quae
2023 3685 2332 3749 dicentur

808 3785 992 3852 infra
1014 3788 1084 3850 in
1127 3787 1472 3866 Orbiana,
1524 3803 1740 3849 uxore
1769 3781 2151 3849 Alexandri
2184 3780 2328 3846 uni·

811 3904 894 3947 ea
940 3904 1025 3948 ex
1073 3884 1297 3948 numis
1330 3881 1623 3968 cognita.

1429 4074 1508 4142 N
1520 4094 1565 4138 a
1580 4076 1680 4138 mi
1699 4097 1727 4139 .-

1091 4266 1285 4336 IMP.
1394 4262 1971 4329 ALEXANDER.
2097 4263 2324 4329 PIVS.

1093 4360 1307 4432 AVG.
1389 4360 1595 4446 Caput
1616 4362 1984 4425 barentum.

2408 4161 2502 4237 Β.
2699 4170 2909 4235 nup,-
2962 4127 3583 4236 ’ALExAssmEm

2516 3107 2711 3169 Haec
2754 3106 3030 3172 aversae
3073 3107 3444 3196 epigraphe
3487 3110 3661 3174 inter
3700 3109 3951 3176 adcla-

2417 3203 2755 3267 mationes
2791 3204 3321 3290 imperatoribus
3371 3205 3517 3269 fieri
3558 3205 3790 3271 solitas
3836 3227 3950 3271 re-

2418 3300 2777 3386 ponenda,
2828 3318 3116 3384 quarum
3147 3302 3501 3387 copiosae,
3556 3322 3732 3388 quae
3780 3302 3949 3369 huie

2418 3394 2836 3480 inscriptioni
2856 3396 3194 3483 adplicari
3215 3397 3507 3484 possunt,
3524 3403 3712 3487 apud
3730 3398 3949 3463 Lam·

2418 3494 2717 3580 pridium
2760 3493 2831 3555 in
2871 3493 3245 3559 Alexandri
3283 3496 3432 3559 vita
3466 3497 3786 3584 reperies·

3158 3587 3191 3622 ἢ
3690 3611 3707 3622 -

2979 3644 3008 3676 ἢ
3340 3640 3379 3672 Ὠ

2414 3682 2807 3754 FECVND.
2862 3685 3349 3751 AVGVSTAE
3386 3688 3820 3773 praedicatur
3862 3688 3951 3755 in

2414 3783 2595 3868 binis
2644 3780 2786 3845 AR.
2849 3783 3053 3847 musei
3115 3782 3476 3864 Caesarei,
3536 3784 3650 3849 sed
3697 3784 3951 3850 aversa

2416 3880 2589 3943 haec
2644 3883 2934 3963 pertinet
2997 3881 3090 3944 ad
3150 3882 3549 3946 Mamaeam
3618 3892 3948 3947 matrem.

2414 3977 2604 4042 Idem
2632 3973 2944 4060 sphalma
2964 3978 3214 4042 redibit
3234 3979 3302 4041 in
3320 3989 3599 4044 moneta
3615 3974 3950 4047 Gallieni.

3142 4070 3172 4106 ἡ

3711 4168 3950 4236 PWS.

2705 4263 2917 4334 AVG.
2972 4267 3174 4352 Caput
3213 4269 3587 4333 laureatum.

2410 4360 2675 4429 ιονιε.
2715 4362 2854 4443 (nc)
2883 4362 3594 4430 PROPVGNATOR.
3644 4364 3953 4449 Iuppiter

801 4467 875 4533 P.
920 4466 1024 4533 M.
1081 4465 1237 4534 TR.
1292 4461 1364 4526 P.
1426 4457 1648 4522 xlm.
1702 4452 1891 4520 cos,
1946 4455 2066 4522 ιιι.
2115 4456 2191 4520 P.
2250 4456 2326 4519 P.
2410 4458 2471 4522 a.
2493 4459 2738 4545 fuum
2766 4464 3103 4527 mmm.
3157 4461 3299 4524 AR.
3354 4460 3562 4544 (Mus.
3603 4459 3838 4541 caer.)

869 4678 932 4748 a)
966 4676 1108 4750 Cap.
1146 4691 1231 4747 ²9·
1423 4672 1485 4742 b)
1525 4667 1831 4734 Herodian.
