4242 5459
1341 562 2275 673 HosTiLlAst.
2338 569 2356 576 “
2425 680 2436 687 ,

252 790 473 859 virilis
524 788 859 859 Caesarea
915 780 1241 884 dignitate
1298 798 1726 884 conspicuam
1756 840 1777 872 ,

247 894 395 975 jam
431 904 525 952 ex'
577 880 797 954 numia
844 890 1042 954 Decii
1084 894 1381 956 vidimus
1446 893 1779 978 inscriptis

261 984 821 1050 CONCORDIA.
900 986 1178 1052 AVGG.
1263 991 1375 1054 vel
1428 991 1641 1054 PIET
1647 988 1775 1051 AS.

256 1078 897 1155 AVGVSTORVM
919 1131 939 1160 ,
991 1085 1322 1170 inquibus
1358 1100 1630 1174 praeter
1668 1104 1776 1147 ca-

165 1228 173 1236 .
256 1178 412 1261 pita
448 1176 686 1255 Decii,
728 1177 1158 1259 Etruscillae‚
1211 1196 1280 1245 et
1310 1183 1631 1248 Herennii
1662 1200 1778 1244 oc·

249 1266 470 1336 currit
492 1272 678 1335 aliud
708 1292 859 1337 cum
877 1273 1221 1340 Herennio
1249 1277 1601 1346 sociatum.
1635 1278 1779 1341 Esse

209 1441 219 1452 ,
254 1369 427 1433 illud
497 1371 636 1451 eJus
665 1416 684 1446 ,

255 1466 473 1530 lentem
535 1465 943 1553 Hostilianum
997 1470 1271 1562 Meffium
1316 1474 1613 1561 Quintum
1661 1490 1779 1558 ap-

168 1636 173 1647 ·
251 1560 540 1653 pellant,
591 1563 768 1625 inter
803 1564 1225 1648 antiquarios
1259 1586 1494 1633 omnes
1534 1586 1777 1634 conve·

251 1657 373 1721 nit.
425 1652 490 1719 N
494 1676 604 1719 am
633 1658 1050 1723 Herennium
1072 1681 1224 1727 cum
1244 1662 1619 1730 Hostiliano
1640 1681 1778 1728 non

253 1752 467 1816 modo
504 1753 832 1837 expressis
855 1757 1084 1819 verbis
1124 1763 1473 1847 conjungit
1507 1781 1772 1839 numuS,

254 1867 459 1931 quem
504 1848 959 1935 Spanhernius
1016 1872 1104 1916 ex
1163 1874 1336 1939 gaza
1396 1858 1774 1921 Barberina

251 1946 487 2029 prodit
514 1995 537 2028 ,
586 1945 933 2032 inscriptus
965 1969 980 2011 :
1035 1949 1122 2031 Q.
1145 1950 1352 2017 HER.
1389 1953 1592 2018 ETR.
1622 1954 1770 2015 DE-

256 2037 482 2103 eivs,
518 2039 601 2105 c,
643 2041 852 2107 vAL.
896 2044 1624 2130 no·ST1L1ANv8,³)
1662 2032 1785 2110 red*

259 2147 326 2198 et
369 2156 710 2221 marmor,
760 2140 947 2220 quod
998 2157 1082 2203 ex
1118 2139 1339 2207 Gorio
1396 2144 1564 2206 citat
1620 2146 1771 2207 Mu·

253 2233 578 2295 ratoriuS.
609 2221 675 2306 b)
728 2237 820 2296 At
861 2237 1037 2296 enim
1067 2250 1272 2299 *vetus
1298 2237 1385 2300 est
1417 2241 1590 2301 inter
1626 2259 1771 2301 eru-

255 2328 441 2391 ditos
473 2328 596 2404 lis,
650 2329 804 2391 aliis
841 2329 1020 2392 hunc
1086 2332 1529 2397 Hosiilianum
1574 2334 1774 2397 Decii

228 2423 479 2510 filium,
536 2424 687 2486 aliis
720 2445 1022 2510 generum
1071 2430 1266 2490 enixe
1316 2428 1771 2495 statuentibus.

248 2518 393 2601 Qui
425 2518 635 2615 filium
655 2522 920 2600 volunt,
973 2531 1259 2606 quorum
1285 2544 1411 2610 ego
1445 2528 1770 2607 judicium

251 2615 490 2677 lubens
534 2616 957 2700 amplector,
1022 2621 1330 2684 nituntur
1363 2622 1770 2685 auctoritate

252 2708 536 2788 Zosimi,
589 2713 706 2796 qui
746 2713 984 2779 diserte
1021 2715 1307 2781 alterum
1328 2719 1529 2781 Decii
1554 2717 1769 2782 filium

249 2820 629 2883 memorat,
682 2808 791 2872 etsi
842 2813 983 2894 ejus
1026 2830 1272 2877 nomen
1319 2834 1453 2878 non
1493 2815 1764 2898 prodit,

250 2922 452 2986 quem
510 2902 665 2990 po'st'
705 2907 960 2989 patris,
1024 2905 1389 2993 fratrisque
1441 2909 1767 2972 Herennii

246 2999 559 3069 miserum
618 2998 838 3065 fatum
887 3002 1005 3066 fibi
1060 3004 1412 3090 conlegam
1481 3004 1767 3069 sociavit

243 3094 745 3161 Trebonianus.
798 3098 856 3183 θ)
942 3102 1167 3184 Atque
1220 3102 1439 3164 etiam
1500 3120 1659 3164 mos
1693 3102 1764 3164 in

240 3189 419 3255 haec
457 3212 673 3274 usque
712 3205 1032 3280 tempora
1060 3196 1367 3260 servatus
1392 3244 1413 3274 ,
1466 3216 1604 3282 quo
1640 3195 1764 3259 filii

237 3287 502 3351 censeri
533 3288 780 3368 solent,
832 3292 947 3374 qui
970 3294 1608 3380 ‚juxtaimperantes
1642 3312 1761 3376 ap-

238 3381 620 3467 pellatione
674 3397 739 3446 et
790 3387 969 3451 cultu
1020 3385 1380 3452 Caesarum
1432 3390 1498 3453 in
1542 3390 1761 3451 numia

239 3480 779 3563 proponuntur,
809 3480 921 3542 nisi
969 3490 1157 3547 cer'ta'
1193 3486 1426 3570 aliqua
1466 3485 1645 3548 ratio
1687 3504 1763 3546 a·

236 3574 382 3637 liud
415 3571 703 3658 postulet
724 3592 767 3651 ,·
797 3576 1065 3661 qualem
1090 3579 1403 3666 profecto
1441 3578 1762 3644 adversae

236 3669 605 3733 sententiae
643 3674 927 3755 patroni·
951 3678 1251 3739 nondum
1297 3676 1626 3758 attulere,
1662 3677 1761 3755 js,

234 3765 565 3849 inquam,
618 3787 769 3831 mos
832 3767 1019 3833 haud
1072 3792 1273 3859 aegre
1308 3771 1760 3857 persuadebit,

148 3944 157 3951 ὃ
238 3858 433 3924 fuisse
472 3859 921 3929 Hostilianum
965 3865 1160 3933 Decii
1204 3868 1460 3951 filium,
1512 3870 1627 3953 qui
1685 3867 1761 3932 si·

235 3955 390 4019 mili
436 3961 644 4023 modo
709 3980 864 4024 cum
922 3962 1178 4044 Deci0,
1244 3965 1646 4043 Etruscilla,
1694 3978 1763 4029 et

235 4050 583 4119 Herennio
622 4055 692 4119 in
740 4057 964 4122 numis
1020 4064 1463 4147 conjungitur.
1563 4062 1760 4126 Adde

235 4150 448 4212 etiam
484 4153 679 4241 Meffii
724 4153 942 4242 Quinti
977 4160 1252 4222 nomina
1294 4156 1669 4221 Hostiliano
1692 4158 1762 4221 in

234 4244 485 4308 iisdem
533 4250 736 4325 data,
792 4270 968 4333 quae
1000 4256 1229 4339 utique
1272 4254 1523 4318 nonnisi
1560 4273 1603 4315 a
1643 4274 1760 4339 pa·

235 4351 346 4402 tre
399 4342 650 4407 Messio
694 4345 950 4428 Quinto
976 4347 1192 4415 Decio
1225 4353 1534 4415 traxerit.
1583 4351 1760 4416 Vide

769 1390 971 1455 quem
1024 1376 1209 1441 numi
1264 1376 1455 1442 obvii
1510 1378 1581 1444 C.
1647 1376 1782 1443 Va·

3221 613 3364 688 351

1855 806 2255 879 argumenta
2304 792 2442 855 alia
2492 795 2674 878 apud
2719 793 3154 859 Bandurium.
3192 778 3252 872 ὅ)

1952 891 2091 972 Qui
2133 909 2448 976 generum
2488 893 2773 968 malunt,
2828 910 2998 972 quos
3029 894 3200 953 inter
3229 888 3371 977 post

1851 987 2284 1061 panvinium,
2325 984 2728 1063 Tristanum,
2797 987 3370 1072 Spanhemium,²)

1856 1076 2166 1164 aliosque
2200 1081 2329 1145 fuit
2362 1083 2568 1145 etiam
2606 1082 2898 1146 Liebeus
2929 1127 2950 1158 ‚
2985 1073 3041 1161 f)
3097 1084 3368 1147 causam

1856 1174 2041 1241 suam
2082 1182 2387 1262 patronis
2428 1178 2755 1243 historicis
2786 1227 2805 1257 ‚
2858 1191 2928 1241 et
2974 1178 3126 1263 ipsis
3153 1175 3378 1242 Hostss

1853 1275 2019 1338 liani
2089 1274 2479 1339 nominibus
2548 1295 2978 1361 propugnare
3045 1277 3367 1339 nituntur.

1854 1368 2226 1435 Historicos
2251 1420 2271 1453 ,
2324 1373 2441 1455 qui
2488 1372 2681 1452 hujus
2714 1374 2960 1436 aetatis
3004 1369 3195 1434 facta
3225 1392 3370 1434 me-

1857 1468 2119 1531 moriae
2166 1469 2529 1551 prodidere
2563 1514 2584 1545 ,
2671 1488 2807 1532 non
2867 1487 3145 1547 moror,
3199 1488 3371 1553 quos

1854 1563 2011 1628 satis
2044 1560 2301 1629 constat
2339 1578 2481 1627 tam
2515 1577 2749 1650 aperte
2789 1562 2904 1627 sibi
2947 1565 3370 1627 contradice—

1854 1680 1954 1736 re,
2008 1673 2103 1738 ut,
2149 1661 2318 1744 quid
2344 1661 2634 1744 denique
2669 1660 3029 1723 tenendum
3059 1658 3174 1737 fit,
3225 1661 3372 1745 pla—

1852 1755 2120 1820 nissime
2151 1757 2461 1842 ignores,
2517 1777 2692 1841 quae
2713 1756 2947 1820 taedia
2968 1756 3057 1818 ad
3099 1755 3371 1818 causam

1851 1853 2274 1938 praesentem
2319 1851 2726 1938 pertinentia
2758 1854 2992 1917 videre
3045 1864 3242 1938 potes
3304 1871 3374 1914 a·

1850 1950 1988 2033 pud
2026 1948 2537 2033 spanhemium.
2620 1949 2727 2012 Ati
2763 1949 3048 2011 nomina
3085 1946 3378 2013 Valentis

1851 2043 2182 2131 Hostiliam
2215 2046 2396 2129 quod
2434 2047 2699 2120 attinet,
2749 2043 3108 2124 illaneque
3129 2044 3371 2121 Deci0,

1854 2142 2077 2219 ajunt,
2131 2159 2349 2223 neque
2383 2138 2773 2203 Etrusciilae
2819 2136 3159 2199 inhaesisse
3188 2185 3208 2214 ,
3290 2154 3380 2204 ex

1858 2252 1993 2318 quo
2023 2247 2334 2319 arguunt,
2374 2256 2461 2297 ex
2489 2236 2715 2297 aliena
2738 2253 2889 2295 eum
2912 2244 3106 2317 gente
3134 2232 3199 2294 in
3222 2254 3378 2317 gen-

1854 2344 1993 2394 tem
2016 2330 2304 2393 Deciam
2332 2329 2525 2394 fuisse
2554 2329 2986 2392 translatum.-
3035 2328 3378 2399 Verisimi-

1855 2427 1919 2489 le
1954 2424 2159 2511 igitur
2203 2430 2492 2511 putant,
2542 2426 2827 2489 Decium
2853 2435 3180 2487 extraneo
3217 2423 3377 2503 huic

1853 2523 2116 2588 homini
2153 2523 2510 2586 collocasse
2545 2521 2945 2606 quampiam
3009 2508 3193 2583 suani
3249 2518 3376 2582 fili-

1858 2640 1968 2685 am
1994 2668 2013 2698 ,
2065 2638 2356 2702 eumque
2403 2620 2579 2682 adeo
2613 2617 2730 2680 sibi
2765 2632 3091 2700 ‘generum
3134 2617 3374 2679 addite

1857 2715 2166 2781 Caesaris
2228 2715 2488 2778 honore
2540 2712 2908 2777 adscivisse.
2985 2713 3375 2776 Sententiae

1854 2814 2009 2878 suae
2046 2828 2184 2894 quo
2225 2809 2558 2889 majorem
2605 2808 2812 2873 fidem
2858 2807 3202 2886 facerent,
3254 2827 3376 2872 oc·-

1857 2908 2174 2972 currebat
2197 2954 2216 2984 ,
2270 2926 2314 2971 a
2351 2910 2626 2970 Zonara
2667 2918 2736 2969 et
2773 2903 3084 2968 Cedreiio
3109 2924 3374 2968 memo-

1853 3005 1993 3069 rari
2044 3003 2417 3089 *quemdam
2483 3003 2806 3066 Severum
2884 2999 3376 3078 Hostilianum‘,

1853 3120 2051 3186 quem
2096 3102 2282 3180 ajunt
2318 3096 2510 3161 fuisse
2549 3099 2724 3162 inter
2764 3098 3155 3161 successores
3201 3094 3382 3160 Gor-

1850 3196 2038 3261 diani
2079 3194 2203 3262 111.
2224 3242 2244 3274 ‚
2295 3198 2483 3276 cujus
2512 3193 2691 3258 filius
2722 3193 2932 3256 fuerit
2967 3191 3379 3256 Ho'slilianus

1850 3290 2108 3368 noster,
2164 3292 2416 3375 quippe
2479 3292 2670 3379 Mtffii
2705 3291 2934 3375 Quinti
2962 3292 3243 3351 nomina
3270 3307 3373 3350 ce-

1852 3389 2028 3473 perit
2076 3406 2119 3449 a
2158 3386 2378 3449 Decio
2416 3385 2832 3471 adoptante,
2891 3385 3178 3452 Valentis
3242 3383 3379 3444 Ho-

1831 3482 2074 3573 stiliani
2115 3501 2159 3544 a
2203 3493 2401 3565 patre
2453 3480 2771 3550 naturali.
2885 3481 3077 3539 Haec
3113 3475 3232 3537 illi.
3290 3474 3380 3536 At

1856 3580 2030 3642 enim
2081 3575 2420 3638 infirmum
2466 3572 2553 3635 est
2593 3585 3060 3657 argumentum
3093 3566 3261 3632 istud
3292 3568 3392 3631 ex'

1853 3671 2240 3738 nominibus
2286 3681 2589 3756 captum.
2684 3665 3136 3751 N·eque·³enim
3175 3664 3298 3729 filii
3335 3685 3380 3729 a

1853 3782 2047 3858 patre
2084 3778 2347 3832 tantum
2386 3785 2468 3828 ac
2500 3775 2761 3842 matre,
2847 3763 2960 3826 sed
3016 3783 3152 3826 avo
3203 3782 3378 3845 quo-

1853 3886 1984 3952 que
2019 3884 2099 3928 ac
2135 3863 2298 3929 avia
2334 3862 2449 3926 sua
2480 3861 2812 3947 collegere
2846 3861 3147 3926 nomina.
3203 3860 3376 3922 Mul-

1850 3978 1925 4028 to
1964 3974 2161 4039 ante,
2216 3960 2288 4024 us
2341 3959 2582 4046 paucis
2621 3958 2950 4044 exemplis
3010 3969 3207 4036 utar,
3280 3959 3377 4023 M.

1850 4058 2166 4125 Aurelius
2208 4057 2299 4120 ab
2346 4074 2481 4121 avo
2527 4054 2754 4119 dictus
2806 4052 2895 4116 est
2939 4044 3201 4117 ‘Annius
3245 4055 3377 4118 Ve-

1850 4177 2005 4232 ruS,
2058 4174 2100 4218 a
2134 4173 2399 4239 proavo
2455 4163 2765 4215 materno
2807 4149 3096 4213 Catilius
3163 4150 3378 4211 Seve-

1850 4273 1985 4315 rus.
2016 4248 2093 4330 3)
2140 4248 2316 4313 Geta
2350 4247 2584 4312 Severi
2629 4247 2707 4311 F.
2751 4266 2999 4309 nomen
3040 4243 3306 4308 absiulit
3337 4264 3381 4308 a.

1851 4344 2030 4411 Geta
2061 4365 2199 4410 avo
2242 4358 2567 4432 paterno,
2620 4342 2736 4408 vel
2771 4354 3043 4428 patruo.
3065 4333 3123 4419 ¹²)
3162 4338 3378 4425 Cara,

304 4581 364 4641 a)
400 4576 571 4636 Tom.
589 4581 667 4633 11.
686 4599 745 4652 p.
763 4586 881 4651 ²5⁶·
1054 4583 1110 4645 b)
1149 4585 1279 4658 Pag.
1300 4605 1416 4660 252.
1436 4591 1490 4649 6.

220 4646 291 4716 e)
313 4646 364 4708 l,
387 4665 446 4753 ¹e,
482 4644 497 4665 “
614 4647 683 4722 ⁶1⁸).v
705 4650 873 4719 Goth,
894 4669 1045 4715 num.
1062 4670 1121 4726 p.
1139 4667 1262 4727 429·

386 4764 397 4791 ἰ

1664 4590 1716 4654 e)
1751 4591 1817 4648 L.
1837 4592 1883 4642 1.
1909 4587 2002 4641 sub
2026 4584 2270 4639 Trebon.

1426 4663 1489 4729 g)
1529 4654 1828 4734 Capitolia.
1846 4663 1901 4713 in
1918 4656 2106 4713 Aurel.
2123 4673 2167 4713 e.
2187 4670 2240 4715 ι,

2447 4582 2505 4648 d)
2544 4586 2598 4635 in
2633 4577 2811 4646 praef.
2839 4577 2915 4631 ad
2950 4577 3118 4637 Tem.
3151 4579 3202 4638 1.
3234 4597 3290 4650 p.
3316 4595 3371 4649 5,

2413 4652 2473 4720 h)
2512 4651 2786 4725 Spartica.
2809 4650 2865 4703 in
2887 4647 3103 4722 Getae.
3133 4663 3184 4701 c.
