4242 5459
1275 566 1705 648 ANNIA
1803 565 2506 649 FAVSTINA.

284 778 404 870 fid
435 775 622 845 aliam
653 773 858 864 postea
884 824 903 852 ,
974 779 1034 840 et
1074 765 1214 839 taine
1255 771 1444 841 aliam
1489 783 1674 863 atque
1711 775 1825 843 ali·

309 896 416 942 am
446 878 676 951 duxit,
730 864 1061 938 ac‘deinde
1097 872 1291 936 rediit
1326 872 1552 938 iterum
1586 876 1674 939 ad
1709 876 1828 940 Se·-

299 994 540 1039 veram.
595 972 905 1052 Denique
941 970 1366 1033 Herodianus
1398 990 1413 1032 ε
1452 967 1514 1050 ⁸)
1546 970 1661 1056 sed
1695 992 1828 1036 eam

305 1088 541 1158 quoquo
575 1068 986 1154 (Aquiliam)
1051 1085 1202 1129 mox
1239 1065 1596 1150 repudiavit
1637 1071 1829 1132 tertia

307 1169 496 1232 ducta
543 1184 783 1235 exarc.
835 1182 991 1247 quae
1023 1162 1260 1244 referre
1298 1182 1503 1245 genus
1523 1162 1706 1247 suam
1741 1166 1829 1229 ad

303 1263 706 1329 Commodum
739 1258 1078 1323 dicebatur.
1147 1258 1250 1320 Ex
1293 1258 1396 1320 h-is
1430 1258 1824 1324 testimoniis

291 1359 555 1435 confit,
606 1358 896 1420 Anniam
931 1352 1356 1431 Faustinam,
1404 1374 1607 1437 quam
1637 1352 1821 1419 num'i

295 1453 668 1536 Elagabali
706 1472 986 1515 uxorem
1020 1448 1426 1514 constituunt
1460 1497 1479 1526 ,
1534 1455 1822 1516 eandem

291 1551 434 1615 effe
461 1570 616 1613 cum
643 1568 989 1631 anonyma
1012 1595 1031 1623 ,
1083 1567 1288 1629 quam
1318 1548 1513 1610 citati
1547 1548 1819 1634 scripto·

293 1668 410 1713 res
472 1648 567 1709 M.
624 1646 948 1709 Antonini
1010 1656 1320 1727 neptem,
1391 1656 1550 1717 aut,
1632 1647 1818 1730 quod

287 1745 582 1828 perinde
616 1741 741 1817 est,
793 1740 1044 1804 referre
1091 1759 1295 1825 genus
1342 1741 1432 1802 ad
1495 1738 1815 1805 Commo-

283 1842 459 1904 dum
501 1841 755 1901 dixere.
827 1837 1002 1900 Nam
1049 1848 1406 1922 utrumque
1443 1835 1634 1918 hujus
1675 1844 1816 1901 Au-

287 1937 521 2021 gustae
558 1954 805 1997 nomen
853 1954 939 1996 ex
985 1934 1204 1995 Marci
1235 1930 1503 1995 familia
1529 1933 1641 2009 est,
1697 1937 1815 2017 qui

285 2053 382 2095 ex
430 2044 625 2116 gente
670 2033 890 2101 Annia
927 2030 1248 2093 oriundus
1281 2027 1446 2103 fuit,
1501 2048 1813 2092 uxorem·

279 2146 430 2214 que
471 2125 857 2190 Faustinam
911 2125 1191 2200 habuit,
1260 2145 1344 2186 ex
1406 2126 1647 2207 quibus
1697 2147 1813 2188 na-

276 2240 407 2311 tae
440 2236 715 2309 nepteo,
763 2235 838 2285 ·et
889 2222 1217 2303 abneptes
1269 2233 1628 2305 utrumque
1695 2242 1812 2284 no-

277 2340 447 2385 men
495 2320 850 2404 collegere.
903 2317 1081 2383 Sane
1130 2327 1198 2377 et
1235 2318 1464 2379 Iuniae
1502 2318 1814 2380 Fadillae

280 2418 642 2502 proneptis
716 2415 1083 2488 Antonini,
1174 2432 1351 2494 quae
1415 2414 1815 2498 desponsata

277 2512 420 2576 fuit
460 2514 773 2576 Maximo
817 2510 1137 2585 Caesari,
1194 2511 1498 2572 meminit
1535 2509 1809 2596 Capito-

275 2609 489 2673 linus.
543 2598 613 2690 b)
710 2608 1097 2692 suspicatur
1148 2605 1550 2685 Fabricius,
1616 2606 1808 2670 fuilre

269 2705 466 2769 hanc
487 2703 872 2769 Faustinam
908 2702 1213 2765 Lucillae
1243 2700 1449 2765 filiam
1489 2725 1573 2766 ex
1595 2702 1805 2767 Clau-

181 2878 198 2885 ,
271 2804 401 2867 dio
457 2800 877 2886 Pompejano
945 2800 1160 2863 altero
1209 2800 1349 2878 eJ'us
1414 2790 1686 2864 maiito.
1744 2800 1804 2884 θ)

268 2904 374 2963 At
401 2897 584 2961 nulla
604 2896 770 2961 istud
793 2897 934 2960 veri
959 2895 1173 2980 specie
1193 2897 1555 2978 conjectat.
1591 2896 1805 2959 Caesa

267 2994 370 3060 est
403 2993 670 3059 Lucilla
698 2996 780 3056 V.
815 2990 888 3056 C.
929 2988 1091 3074 9‘36.
1141 2989 1318 3068 Esto,
1374 2995 1661 3056 Anniam
1685 3014 1800 3057 no-

265 3092 481 3177 stram
527 3089 863 3174 postremo
904 3089 1035 3151 hoc
1070 3107 1250 3150 anno
1283 3099 1516 3151 natam
1566 3088 1797 3166 fuisse,

253 3209 465 3252 -anno
505 3189 587 3250 V.
621 3185 695 3250 C.
738 3198 917 3268 974,
973 3203 1107 3267 quo
1132 3204 1283 3246 eam
1309 3188 1611 3267 junctam
1643 3207 1798 3250 curn

263 3282 665 3368 Elagabalo
707 3282 1053 3356 dicemus,
1108 3282 1244 3364 egit
1267 3298 1514 3343 annum
1551 3286 1798 3346 aetatis

207 3378 668 3444 ‘XXXVIIL‘
741 3384 842 3441 An
885 3375 1279 3452 verisimile,
1341 3375 1795 3461 Elagabalum

266 3479 520 3541 decem
554 3487 621 3537 et
660 3474 907 3555 septem
953 3485 1096 3534 tum
1135 3492 1351 3535 annos
1402 3484 1635 3536 natum
1671 3494 1787 3557 ap—

256 3574 534 3659 petiisse
581 3570 933 3633 mulierem
1000 3572 1138 3649 ejus
1184 3571 1472 3645 aetatis»,
1527 3581 1644 3631 aut
1690 3569 1791 3632 illi

256 3668 405 3734 hac
466 3668 692 3731 adhuc
744 3677 969 3729 aetate
1021 3664 1379 3728 illecebras
1437 3663 1790 3728 constitisse

263 3764 685 3830 adolescenti
733 3761 1148 3836 damnosae,
1217 3782 1522 3844 quasque
1575 3762 1643 3823 in
1705 3781 1791 3824 ea

251 3862 632 3949 praedicat
663 3860 846 3922 Dio?
899 3859 1139 3923 Verius
1173 3857 1378 3942 igitur
1412 3856 1545 3921 fuit
1569 3859 1789 3923 Marci

259 3980 356 4021 ex
416 3957 608 4035 hujus
669 3955 964 4018 filiarum
1024 3975 1157 4018 una
1224 3955 1571 4045 abneptis;
1627 3976 1787 4020 nam

243 4049 602 4131 0’cn370909,
657 4073 792 4135 qua
838 4072 1010 4115 voce
1047 4053 1256 4114 utitur
1299 4052 1473 4129 Dio,
1526 4053 1596 4115 in
1638 4053 1782 4135 plu·

236 4176 260 4216 ι
279 4171 332 4216 e
357 4176 367 4207 ;
395 4152 865 4235 generationes
893 4148 1272 4233 porrigitur.
1311 4148 1604 4211 Ductam
1626 4169 1780 4212 eam

235 4254 340 4314 V.
415 4246 493 4312 C.
553 4262 735 4325 974,
809 4244 988 4307 infra
1043 4265 1129 4306 ex
1162 4247 1379 4306 nuruis
1414 4249 1778 4309 commatis

229 4333 596 4431 peregi-ini
647 4342 1113 4441 probabimuS.
1198 4342 1589 4425 Repudiata
1631 4361 1777 4427 pet·-

319 4586 380 4645 ι)
427 4584 486 4633 in
523 4580 762 4649 Elagab‚
912 4606 919 4618 ·
989 4578 1053 4648 b)
1085 4582 1165 4635 .in
1212 4578 1487 4640 Maximo,

233 4650 378 4704 abr.
421 4652 521 4704 dea
558 4651 727 4723 Emp,

1720 4582 1765 4647 o)
1824 4581 1977 4635 Nota
2017 4595 2083 4645 24
2124 4579 2199 4633 ad
2235 4580 2436 4634 Dionis
2471 4583 2595 4642 libr.
2634 4582 2903 4635 LXXIX.

3310 592 3447 659 261

1907 771 2064 839 inde
2104 793 2185 839 ac
2218 773 2521 860 priores,
2577 786 2643 839 et
2683 766 2873 839 fnisse
2914 773 3427 845 matrimonium

1909 874 2260 957 perexigui
2298 875 2668 957 temporis,
2718 875 2971 957 probat
3030 894 3161 939 non
3218 881 3427 945 modo

1905 970 2219 1051 paucitas
2246 973 2397 1052 ejus
2427 989 2808 1047 nurnorum,
2859 970 2970 1033 sed
3000 973 3206 1035 etiam
3242 979 3428 1058 quod

1906 1063 2321 1147 Elagabalus
2340 1065 2519 1129 intra
2544 1066 2887 1128 modicum
2914 1078 3205 1152 tempus,
3240 1076 3426 1151 quod

1903 1154 2077 1222 inter
2113 1161 2237 1223 has
2279 1164 2548 1246 nuptias
2595 1175 2661 1225 et
2700 1175 2985 1228 mortem
3036 1165 3425 1242 intercessit,

1905 1256 2078 1319 alias
2119 1258 2343 1319 adhuc
2392 1278 2641 1321 uxores
2700 1260 2933 1334 duxit,
3001 1279 3084 1322 ac
3132 1260 3425 1344 denique

1904 1351 2087 1415 suam
2135 1354 2377 1416 iterum
2412 1355 2756 1439 Aquiliam
2814 1356 3131 1439 respexit,
3204 1370 3297 1427 ut,
3337 1380 3423 1423 ex

1902 1448 2129 1511 Dione
2168 1451 2543 1517 docuimus,
2595 1452 2695 1515 Ea
2736 1452 2873 1514 sola
2909 1472 2995 1514 ex
3026 1455 3305 1516 coaevis
3326 1453 3424 1518 fe·

1905 1548 2103 1607 minis
2149 1545 2453 1630 Augustis
2500 1548 2827 1625 arcessito,
2871 1549 3084 1610 Iuliae
3148 1553 3423 1614 nomino

1898 1640 2251 1717 abstinuit,
2337 1646 2651 1706 nimirum
2708 1646 2833 1715 cui,
2882 1664 3053 1727 opus
3100 1666 3236 1708 non
3286 1645 3419 1709 fuit

1897 1738 2193 1800 alienum
2233 1742 2446 1823 gentis
2473 1743 2676 1803 decus
2715 1740 3079 1816 affectare,
3134 1761 3283 1805 cum
3314 1740 3417 1804 sa-

1895 1834 1982 1897 tis
2024 1856 2141 1918 per
2186 1848 2449 1919 gentem
2508 1839 2826 1913 Anniam,
2882 1841 3064 1917 cujus
3125 1838 3415 1903 surculus

1890 1926 2062 2008 fuit,
2117 1930 2177 1994 se
2210 1932 2641 1995 nobilitatam
2679 1934 3180 2001 existimaverit.

2488 2125 2781 2193 Numi:

1989 2315 2341 2380 Rarissimi
2380 2317 2520 2380 sunt
2564 2318 2752 2401 hujus
2800 2318 3155 2385 Faustinae
3209 2328 3412 2393 numi.

1895 2408 2127 2493 Quare
2174 2406 2755 2500 operaepretium
2795 2415 3065 2494 fecero,
3109 2418 3196 2496 si,
3240 2440 3408 2503 quos

1891 2508 2029 2593 ipse
2065 2511 2210 2573 vidi
2241 2559 2257 2587 ,
2310 2523 2376 2572 et
2426 2512 2756 2597 probavi,
2828 2526 2944 2576 aut
3006 2517 3095 2578 ab
3144 2518 3409 2580 idoneis

1892 2607 2345 2687 praeconibus
2383 2609 2851 2694 promulgatos
2894 2614 3094 2693 novi,
3166 2612 3414 2675 descri-

1887 2702 2117 2786 psero,
2185 2702 2483 2789 sepositis
2525 2706 2593 2767 in
2635 2707 3018 2792 separatum
3053 2708 3414 2776 articulum

1884 2795 2067 2862 falsis
2099 2847 2115 2877 ,
2174 2813 2292 2862 aut
2326 2804 2467 2877 jure
2514 2801 2840 2886 suspectis.

2178 2896 2479 2962 ANNIA.
2504 2898 2980 2965 FAVSTINA.
3002 2898 3215 2965 AVG.
3271 2902 3405 2968 Hu-

2155 2995 2275 3077 jus
2319 3006 2527 3079 caput.

1885 3084 2444 3154 CONCORDIA.
2535 3090 2896 3177 Imperator
2941 3106 3207 3178 togatus
3236 3098 3405 3171 stans

1881 3185 2205 3251 dexteram
2252 3206 2385 3249 cum
2426 3188 2699 3265 adstante
2732 3192 3027 3280 Faustina
3042 3194 3292 3276 jungit,
3335 3199 3402 3258 in

1881 3302 2033 3345 area
2093 3285 2342 3361 astrum.
2406 3285 2549 3355 AR,
3274 3344 3285 3357 ,
3474 3296 3483 3305 “

1976 3376 2273 3438 Numum
2337 3376 2512 3439 hunc
2580 3376 2907 3442 Baldinus
2960 3380 3026 3440 in
3079 3380 3451 3449 Romana-

1877 3473 2233 3535 Vaillantii
2271 3473 2566 3535 editione
2600 3496 2686 3537 ex
2709 3474 2929 3536 museo
2967 3473 3239 3538 abbatis
3266 3477 3400 3538 Ro-

1877 3567 2127 3642 thetin,
2182 3587 2358 3630 nunc
2400 3571 2576 3652 regis
2609 3570 3112 3653 Hispaniarum,
3166 3570 3398 3648 refert,

1875 3683 2165 3748 eumque
2205 3666 2521 3745 unicum,
2575 3677 2643 3728 et
2695 3661 3088 3749 singularem
3152 3680 3395 3745 vocat,

1875 3780 2026 3823 cum
2067 3780 2204 3842 quo
2256 3762 2579 3824 consentit
2633 3761 2714 3824 cl.
2777 3762 3163 3839 Beauvais,
3215 3755 3272 3840 ὖ)
3327 3779 3395 3828 et

1870 3857 2235 3939 BelleyuS,
2292 3858 2401 3941 qui
2435 3858 2720 3920 eundem
2759 3877 3032 3921 numum
3072 3861 3248 3923 vldit
3274 3864 3390 3925 ad·

1868 3953 2368 4038 probavitque,
2421 3966 2493 4015 ut
2526 3953 2799 4018 testatur
2839 3955 2974 4040 ipse
3025 3957 3093 4020 in
3150 3956 3388 4021 lania-

1867 4061 1941 4112 ta
1976 4050 2458 4115 dissertatione.

2619 4148 2650 4181 ὗ

2040 4308 2046 4313 ,
2158 4199 2969 4311 ΑΝΝΙΑΪπΑνετῖΝΑ.
3006 4243 3211 4312 AvG.
3267 4246 3390 4313 Ca-

2144 4352 2264 4426 put
2299 4343 2624 4430 Faustinae
2652 4342 2830 4407 lunae
2859 4344 3217 4431 impofitum.

3308 4510 3399 4532 Q

3135 4584 3202 4652 d>
3258 4584 3383 4636 His.
