4242 5459
946 572 1089 637 4¹0
1223 632 1235 641 .

952 741 1251 825 insaniae
1289 759 1730 834 argumenta,
1817 741 2058 827 quibus
2117 740 2467 807 Gallienus

2132 540 2718 625 GALLIEN
2745 545 2911 620 VS.

2653 742 2863 808 Siscia
2900 741 3298 813 Pannoniae
3338 718 3678 838 superioris
3721 752 3973 838 oppidum

949 854 1311 942 imperium
1350 846 1536 908 suum
1585 840 1954 925 insignivit,
2021 838 2211 903 fuisse
2262 840 2472 901 etiam
2558 841 2788 905 nobile
2831 854 2898 904 et
2942 842 3257 922 colonia,
3309 848 3509 912 hodie
3548 845 3754 935 Stffek,
3800 849 3873 910 ad
3895 849 3973 912 Sa·

952 951 1153 1017 ludos
1194 942 1568 1012 saeculares
1591 938 1944 1022 illegitimo
1967 947 2278 1019 tempore
2303 935 2471 998 cele·

949 1048 1212 1122 bratus,
1271 1054 1701 1119 nequaquam
1738 1051 1918 1095 novo
1942 1031 2104 1093 istud
2134 1030 2470 1114 exemp103

960 1165 1120 1207 nam
1164 1134 1516 1204 aClaudio
1554 1148 1823 1213 quoque
1875 1128 2322 1208 anticipatum
2351 1124 2472 1187 ho·

952 1262 1103 1303 rum
1124 1238 1435 1300 ludorum
1458 1240 1723 1310 tempus
1747 1223 2067 1285 vidimus».
2092 1216 2287 1284 Teste
2309 1221 2475 1282 Tre-

950 1335 1163 1399 bellio
1184 1328 1246 1410 a)
1272 1326 1617 1392 Gallienus
1640 1320 1878 1383 audita
1906 1317 2233 1381 Macriani
2260 1327 2476 1377 morte

951 1432 1180 1513 coepit
1201 1423 1543 1505 indulgere
1568 1415 1930 1501 voluptati,
1951 1425 2017 1474 et
2033 1412 2232 1475 ludos
2254 1411 2473 1472 omnis

951 1525 1211 1612 generis
1281 1520 1480 1582 edere
1505 1563 1524 1593 ,
1578 1510 1960 1597 quos'inter
1995 1504 2350 1571 verisimile
2385 1503 2472 1568 est

952 1625 1161 1685 etiam
1207 1613 1582 1680 saeculares
1632 1609 1760 1672 hos
1800 1606 1999 1668 ludos
2032 1603 2250 1667 fuiss'e.
2360 1600 2467 1663 Ad

949 1719 1228 1782 eosdem
1275 1711 1553 1796 propius
1616 1704 1947 1790 pertinet,
2000 1696 2184 1782 quod
2233 1706 2468 1761 narrat

946 1813 1166 1876 idem:
1194 1798 1263 1894 ¹³)
1319 1800 1775 1889 prementibus
1816 1794 2309 1879 rempublicam
2343 1793 2463 1854 im-

943 1919 1227 1992 perante
1259 1900 1574 1965 Gallieno
1621 1893 2035 1981 gravissimis
2092 1890 2290 1952 malis
2343 1908 2463 1973 pa·

2561 939 2674 1016 vi,
2727 939 2842 1020 q'ui
2892 939 2960 1001 in
2993 938 3098 1002 his
3138 946 3354 1007 numis
3390 945 3682 1030 fingitur,
3745 957 3801 1007 et
3831 943 3972 1008 Cola-

2561 1033 2667 1118 pis
2708 1031 3153 1097 conssuentem
3175 1038 3216 1114 ,‘
3249 1040 3358 1103 sed
3396 1041 3508 1124 qui
3559 1052 3809 1124 uterque
3835 1034 3974 1123 fingi.

2563 1140 2670 1190 tur
2729 1130 2793 1191 in
2849 1150 3053 1195 numo
3099 1132 3300 1199 Probi
3346 1136 3684 1220 inscripto:
3748 1126 3972 1198 SISCIA.

2561 1224 2858 1288 PROBI.
2883 1226 3086 1294 AVG.
3139 1231 3343 1295 Putat
3361 1233 3768 1308 Vaillantius,
3811 1222 3974 1292 cusum

2560 1317 2740 1384 hunc
2764 1326 3072 1402 numum,
3127 1324 3475 1411 postquam
3500 1330 3825 1415 Ingenuum
3857 1326 3973 1396 Pan·
4043 1336 4046 1339 ’

2563 1418 2811 1479 noniae
2839 1430 3203 1499 tyrannum
3223 1424 3501 1489 vicerat.
3527 1422 3756 1489 Verum
3775 1441 3893 1497 cum
3907 1419 3972 1481 Si·

2559 1513 2762 1577 sciam
2791 1517 3168 1597 praedicari
3215 1519 3422 1582 etiam
3458 1522 3524 1583 in
3559 1532 3804 1584 moneta
3831 1511 3972 1580 Probi

2556 1608 2857 1687 videam,
2911 1613 3224 1694 conjicio,
3273 1634 3431 1680 eam
3469 1603 3691 1680 urbem
3709 1610 3969 1677 tumvelut

2554 1706 2903 1786 quoddam
2946 1709 3212 1795 imperii
3251 1712 3802 1800 propugnaculum
3830 1705 3971 1770 habi·

2552 1812 2692 1862 tam
2720 1845 2739 1875 ,
2768 1811 2834 1861 et
2859 1819 3136 1887 propter
3172 1810 3321 1872 situs
3351 1808 3893 1879 commoditatem,
3927 1807 3972 1859 et

2552 1897 2736 1978 quod
2765 1912 3008 1963 natura
3030 1906 3287 1968 munita
3323 1906 3510 1984 esset,
3546 1908 3705 1968 inter
3727 1908 3973 1985 perpetua

942 2024 1064 2070 tem
1096 1999 1349 2067 deorum
1381 1995 1711 2083 quaquam
1752 1991 2031 2076 inspecti-5
2077 1982 2346 2068 Sibyffae
2387 1984 2461 2067 ¹³²,
2548 1994 2620 2055 in
2666 2011 2748 2053 eo
2774 2003 2994 2059 tractu
3022 1997 3204 2083 bella
3238 2020 3586 2065 armorum
3631 2001 3818 2063 sedem
3841 1988 3973 2053 fuiffe

942 2099 1117 2175 bris,
1154 2097 1518 2184 factumque
1556 2090 1702 2154 Iovi
1740 2085 2035 2152 Salutat-i
2053 2130 2072 2160 ,
2142 2092 2221 2146 ut
2269 2101 2462 2166 prae-

938 2203 1172 2281 ceptum
1196 2193 1462 2279 fuerat,
1490 2185 1890 2274 sacraficium.
1973 2180 2103 2245 Sed
2161 2180 2247 2242 de
2283 2177 2459 2240 ludis

936 2293 1045 2355 his
1091 2289 1317 2354 alieno
1366 2298 1699 2369 ‚tempore
1752 2280 1925 2345 actis
1983 2276 2143 2339 vide
2197 2273 2458 2359 praeci-

937 2407 1116 2472 pue,
1169 2402 1345 2466 quae
1382 2374 1717 2464 copiosius
1769 2375 2155 2439 disseremus
2214 2369 2285 2430 in
2337 2388 2457 2429 nu-

937 2484 1068 2544 mis
1178 2473 1591 2541 Maximiani
1704 2470 2020 2534 Herculei
2121 2464 2455 2549 inscriptis

940 2570 1544 2641 SAECVLARES.
1586 2564 1860 2632 AVGG.

1338 2775 1343 2781 .
1494 2777 1526 2810 .
1857 2771 1888 2803 ,
2247 2774 2254 2781 .

1221 2856 1784 2923 CONcoRmA.
1850 2849 2130 2917 AvGG.
2234 2838 2458 2935 Capita

1222 2953 1344 3018 duo
1374 3000 1394 3029 ,
1443 2975 1485 3017 a
1518 2953 1799 3015 dexteris
1834 2947 2213 3023 Saturninae,
2285 2969 2327 3013 a
2358 2950 2452 3036 fi-

1221 3048 1431 3135 ‚sistris
1468 3047 1730 3113 Gallieni
1762 3045 2136 3113 laureatum.

936 3144 1420 3222 SALONINA.
1441 3140 1652 3207 AVG.
1680 3142 1885 3227 Caput
1913 3135 2272 3204 saloninae.
2306 3143 2448 3204 AV.

932 3241 1136 3331 (Mus.
1171 3260 1350 3307 com.
1389 3240 1473 3305 de
1509 3239 1793 3321 Vitzai.)

1025 3338 1330 3405 Similem
1391 3334 1747 3401 adversam
1803 3336 1944 3415 jam
2007 3332 2305 3395 vidimus
2354 3332 2449 3395 su-

926 3457 1056 3523 pra
1090 3436 1159 3499 in
1183 3453 1404 3498 *numo
1441 3427 1760 3495 PIETAS
1784 3427 2142 3491 FALERI.
2198 3428 2449 3491 Mirum

924 3534 993 3596 in
1036 3545 1347 3614 utroque,
1401 3529 1635 3592 uxoris
1681 3536 1888 3610 caput
1929 3518 2089 3588 loco
2138 3524 2446 3607 digniore

840 3662 845 3670 ·
894 3627 1092 3690 'stare
1131 3641 1369 3690 contra
1405 3635 1806 3712 perpetuum
1846 3617 1989 3683 fere
2028 3620 2099 3682 i'n
2127 3616 2446 3684 similibus

923 3721 1135 3786 causis
1183 3742 1470 3786 morem.

1422 3830 1432 3839 ·
1661 3815 1693 3849 Q

1223 3909 1316 3979 Vt
1345 3912 1440 3978 tit.
1472 3866 1566 3978 21.

924 3996 1231 4074 SISCIA.
1281 4006 1493 4071 AvG.
1540 4005 1794 4073 «ΜκΙὶον
1809 4003 2027 4092 sedens
2061 4005 2120 4071 d.
2166 4002 2438 4093 hastam,

904 4108 966 4194 J:
1016 4106 1418 4182 cornucopiae
1433 4151 1454 4180 ,
1514 4103 1697 4183 infra
1751 4101 1989 4186 fluvius
2064 4101 2440 4173 decumbens.

1843 3864 1875 3898 ἡ

2551 2085 2996 2157 constitutam.
3061 2097 3138 2158 In
3177 2098 3405 2181 lapide
3439 2117 3659 2183 prope
3703 2088 3971 2158 Sabariam

2550 2186 2939 2250 Pannoniae
2975 2200 3243 2275 reperto
3283 2194 3579 2279 legitur:
3638 2180 3969 2255 COLONIA.

2548 2279 3004 2348 SEPTIMIA.
3046 2287 3348 2418 SISCIQ.
3387 2289 3812 2355 AVGVSTA.
3850 2284 3889 2358 ⁶)

2838 2477 2932 2543 Vt
2978 2477 3070 2544 tit.
3108 2436 3215 2547 .*A.

2547 2566 2613 2629 S·
2650 2567 2725 2630 P·
2764 2568 2847 2650 Q·
2902 2574 2985 2634 R·
3039 2577 3205 2660 Leo,
3256 2579 3356 2645 cui
3397 2580 3610 2670 insistit
3647 2571 3844 2663 aquila,
3880 2582 3968 2632 Μ·

2543 2663 2652 2724 κὶα
2682 2664 2857 2765 ima
2894 2667 3191 2747 lauream,
3246 2676 3389 2738 AV.
3450 2674 3645 2751 (Mus.
3682 2660 3870 2751 Caes.)
3957 2720 3965 2735 .

2640 2758 2784 2840 An,
2835 2768 3022 2846 quod
3057 2769 3318 2837 senatus
3364 2767 3739 2835 Gallienum
3774 2759 3890 2826 lovi
3918 2764 3961 2815 et

2545 2852 2823 2921 Herculi
2857 2860 3237 2930 inveterata
3270 2866 3670 2932 adulatione
3718 2857 3968 2941 88ᾳυίρᾶ-

2542 2953 2836 3031 raverit,
2888 2959 3231 3045 utriusque
3267 2964 3566 3028 numinis
3618 2954 3842 3025 animal
3880 2950 3970 3011 huc

2544 3044 2635 3106 est
2676 3048 3144 3119 advocatum?
3194 3060 3559 3142 anquod,
3611 3049 3973 3139 quemadmo-

2543 3142 2706 3227 dum
2747 3146 2979 3229 aquila
3009 3164 3076 3214 et
3113 3152 3224 3217 leo
3258 3154 3374 3218 suo
3414 3152 3646 3242 singuli
3675 3143 3864 3236 generi
3888 3135 3972 3199 im·

2541 3240 2876 3321 peritant,
2925 3254 3144 3329 neque
3183 3269 3388 3337 regno
3430 3251 3630 3314 alteri
3675 3240 3972 3309 decedunt,

2542 3333 2890 3400 Gallienus
2925 3339 3193 3424 fingitur
3229 3345 3612 3431 supremam
3667 3338 3880 3404 habere
3905 3327 3974 3387 -in

2543 3451 2744 3496 omne
2786 3436 3174 3501 mortalium
3210 3461 3414 3524 genus
3467 3437 3870 3527 potestatem,
3908 3432 3975 3486 ⁸¹·

2542 3547 2671 3610 que
2709 3529 2775 3591 in
2826 3530 3006 3614 ipsos
3047 3544 3411 3616 tyrannos,
3470 3538 3588 3621 qui
3629 3528 3752 3597 ausi
3781 3518 3976 3589 suntin·

2536 3624 2791 3687 vadere
2828 3622 3235 3717 imperium?
3300 3632 3680 3698 Arbitretur
3718 3629 3908 3690 lectot-

3277 3724 3308 3755 ἢ

3096 3777 3127 3809 ,,
3197 3788 3202 3793 ,

2534 3911 2598 3977 s,
2631 3911 2707 3975 P.
2747 3817 3378 3996 Q.'{{.¹‘S1f†1mo.
3411 3911 3811 3984 Pssmcm.
3849 3890 3982 3969 mm

2533 4006 2839 4084 lauream.
2889 4011 3032 4074 AR.
3083 4014 3289 4098 (Mus.
3330 4013 3557 4100 Caes.)

924 4202 1073 4289 AR.
1104 4196 1383 4285 (Vaill.)
1438 4197 1511 4259 In
1543 4198 1722 4260 alio:
1779 4199 2017 4262 Mulier
2019 4198 2239 4283 sedens
2262 4209 2440 4263 utra·
2535 4191 2652 4265 Μ.
2825 4201 3014 4268 ΙΜΡ.
3058 4201 3131 4267 C.
3165 4204 3245 4273 Ρ.
3293 4202 3466 4272 LIC.
3513 4181 3983 4269 GALLIENVS.

926 4318 1042 4385 que
1065 4316 1252 4361 manu
1281 4292 1551 4377 expansa
1571 4339 1593 4370 ,
1642 4293 1820 4377 infra
1836 4288 2076 4378 fluvius
2110 4312 2447 4379 emergens.
2477 4312 2484 4319 ·

929 4392 1079 4457 AR.
1122 4388 1314 4469 (Mus.
1361 4383 1583 4467 Caes.)

2821 4297 2897 4358 P.
2941 4298 3016 4363 F.
3061 4298 3267 4363 AvG.
3339 4303 3542 4386 Caput
3578 4301 3914 4366 laureatum·

2530 4387 2766 4454 Eadem
2814 4394 3050 4481 aversa.
3106 4396 3246 4460 AE.
3282 4398 3331 4459 1.
3372 4396 3578 4484 (Mus.
3626 4386 3836 4468 Caes.)
3915 4473 3934 4485 ρ

917 4516 3982 4562 Μ

1004 4595 1067 4664 a)
1104 4595 1164 4648 in
1200 4591 1442 4652 Gallica.
1481 4609 1530 4655 ο.
1565 4614 1619 4666 3.

1794 4592 1854 4666 b)
1890 4594 2034 4667 eq».
2064 4613 2123 4667 5.

2312 4599 2361 4669 e)
2399 4598 2782 4661 schtinwisner
2814 4603 2952 4664 Ant.
2984 4605 3179 4666 sebar.
3214 4624 3275 4681 Ρ.
3305 4623 3402 4681 ⁵⁹·-
